2572 4800
549 312 804 387 ..p-

154 531 354 595 aramentum
364 516 572 603 ,ιΙίιιεΙιιΙιιι,
601 513 655 581 illi
673 533 871 604 „amanen
882 516 1062 602 vacabunt,
1092 517 1177 605 vel'
1166 542 1203 601 m

151 622 429 712 appellationibus
453 619 641 710 specialiter,
664 617 891 707 παραβόλων
920 620 1036 705 Quod
1060 633 1201 699 vetusta·

150 727 194 792 tis
214 738 444 845 argumentum
463 724 582 791 mirum
597 723 633 788 in
651 721 785 788 modum
799 723 907 788 velen
924 725 1084 810 firmatur,
1107 724 1199 816 'qupd

151 831 262 903 cadem
278 829 438 918 pecuniae
469 851 594 894 sumnia
615 826 795 916 eademque
818 836 1001 916 temporum
1027 829 1199 899 intervalla

150 944 183 997 ct
203 934 291 1021 apud
312 930 669 1005 Graecasobtinuisae
697 929 872 1013 dicuntur,
908 956 993 1020 quac
1021 944 1054 999 et
1079 920 1198 1021 Romae

148 1037 202 1111 nis
226 1039 259 1103 in
281 1062 350 1109 usu.
364 1036 469 1102 fuisse
490 1035 594 1121 (injus
617 1033 711 1099 testis
734 1044 796 1097 est.
824 1034 919 1101 'Hae
941 1035 1075 1123 quidem
1098 1061 1197 1128 gene·

147 1141 210 1205 eali
232 1142 412 1229 eademque
434 1138 654 1205 vetustissima
675 1137 759 1226 legis
780 1137 909 1204 actione
932 1141 1041 1206 omnia
1060 1141 1198 1220 omnino

147 1243 478 1332 privatorum-jurgia
507 1238 815 1330 controversiaeqne
847 1241 1106 1329 dirimebantur,
1133 1268 1196 1337 Jenf

143 1346 201 1432 jus
227 1347 276 1413 rei
306 1369 462 1435 expressa
489 1342 675 1415 testimonia
703 1344 801 1410 nobis
832 1345 992 1412 exhibent
1012 1346 1196 1439 Dionysius

146 1449 265 1540 (antiq.
297 1473 382 1516 rom.
410 1449 472 1525 lib,
491 1448 539 1519 ll·
570 1471 602 1513 e.
628 1448 688 1532 28)
712 1458 745 1513 ct
766 1447 883 1513 Festus
917 1473 945 1514 s.
969 1474 1001 1516 v.
1032 1454 1195 1533 maximum

147 1553 310 1641 pontifex.
366 1552 456 1618 Festi
478 1551 565 1616 enirn
588 1573 675 1631 res,
696 1574 808 1639 „quae
830 1551 872 1617 ad
891 1577 983 1619 sacra
1007 1564 1040 1619 et
1060 1554 1193 1645 religio·

147 1681 208 1727 nes
230 1655 438 1745 pertinent‚’'
465 1653 676 1742 et'Dionpsii
704 1657 823 1742 „iapui
848 1655 960 1725 δι’και”
993 1681 1061 1723 non
1082 1657 1192 1726 solnm

30 1832 33 1836 A
148 1757 222 1823 illas
242 1758 386 1829 actiones
409 1759 599 1841 continent,
630 1769 666 1827 ut
687 1757 794 1846 priano
816 1770 948 1847 aspectu
971 1760 1046 1850 quis
1069 1762 1194 1853 credat,

146 1863 327 1952 inquibus
348 1863 542 1950 specialiter*
555 1887 593 1929 ae
609 1862 744 1952 proprie
761 1860 959 1952 religionum
983 1884 1197 1957 sacrorumrq

147 1966 297 2056 quaestio
319 1967 470 2045 vertitur,
493 1966 552 2031 scd
575 1989 688 2031 omnes
708 1965 843 2031 omniuo
862 1967 1061 2054 privatarum
1081 1986 1192 2039 rerum

144 2068 397 2136 controversias.
455 2067 656 2158 Quicunque
678 2066 764 2133 enim
792 2069 993 2156 temporibus
1015 2070 1084 2135 illis
1107 2070 1191 2149 obli·¹

144 2172 309 2264 gationem
334 2172 495 2260 quandam
519 2173 733 2254 contrahere,
755 2171 830 2254 vel,
865 2183 901 2236 ut
922 2173 1120 2261 generaliter
1140 2173 1190 2239 di·

143 2300 234 2357 eaor,
267 2274 488 2363 quodcunque
509 2275 676 2364 negotium
699 2274 738 2338 ad
763 2274 904 2363 privatas
935 2299 989 2341 res
1017 2276 1189 2366 pertinens

142 2400 257 2466 gerere
279 2376 453 2458 volebant,
485 2401 540 2443 eus
561 2378 710 2445 adaram
730 2378 902 2445 maximam
925 2381 1103 2448 accessisse
1125 2381 1191 2451 ibi-¹

143 2505 212 2570 quc
240 2479 304 2545 sub
334 2480 538 2553 sacerdotum
569 2481 760 2545 auctoritate
793 2492 826 2546 ct
856 2482 890 2546 in
917 2482 1053 2548 deorum
1082 2507 1190 2573 paene

142 2593 320 2671 conspectu
332 2629 343 2664 ,
368 2583 457 2670 quod
478 2581 709 2668 intendebant,
733 2596 961 2672 perpetrasse,
995 2586 1081 2654 idem
1104 2587 1187 2655 Dio·

141 2685 257 2773 nysius
293 2685 337 2765 (l,
358 2686 421 2771 40)
452 2685 544 2750 testis
577 2697 638 2750 est.
684 2685 846 2769 ‚Quorum
880 2713 958 2754 vero
994 2690 1187 2761 auctoritate

141 2788 339 2877 privatarum
359 2811 469 2867 rerum
485 2790 616 2876 negotia
630 2790 918 2872 contrahebantur,
940 2816 1052 2858 eorum
1072 2793 1186 2861 itidem

141 2890 333 2971 sententiis,
369 2914 453 2980 quae
476 2890 553 2956 inde
581 2904 807 2981 emergerent,
841 2896 1077 2961 controversias
1100 2896 1186 2982 diju-

140 2995 264 3071 dicatas
287 3017 380 3077 csse,
410 2995 573 3060 neminem
597 2995 745 3084 prolecto
767 2996 886 3061 mirum
907 2997 1053 3063 babebit.
1097 2997 1186 3077 Pen-

140 3099 267 3167 tisrcum
280 3098 390 3185 ¹igitur
412 3109 481 3162 crat
502 3097 741 3186 interpretatio,
777 3098 952 3182 'Cicerone'
971 3100 1027 3188 (dc
1048 3103 1184 3191 barusp.

141 3226 232 3290 resp.
257 3225 287 3267 c.
311 3202 354 3289 7)-
370 3211 471 3265 testec
502 3211 575 3282 „nr
592 3201 690 3267 iidem
711 3201 852 3269 babeant
870 3201 1021 3288 judicum
1043 3214 1185 3292 potesta·

138 3304 244 3369 tem-’⁷
286 3302 382 3368 Unde
404 3303 623 3395 intelligitur,
645 3329 719 3393 qua
750 3305 876 3370 ratione
907 3306 1029 3383 lactum
1052 3307 1115 3389 sit',
1142 3317 1186 3377 :ut

137 3406 241 3473 multa
263 3430 387 3487 eorum,
418 3431 502 3496 quac
524 3432 566 3473 ex
587 3408 696 3473 medio
718 3420 796 3473 sunt
812 3408 891 3495 jure
911 3408 1016 3490 civili,
1036 3434 1077 3475 ex
1100 3434 1183 3499 pon·

137 3511 265 3577 titicum
292 3510 483 3577 auctoritate
513 3511 649 3591 lluaisse
677 3511 876 3579 dicerentur.
932 3511 1065 3578 Nemini
1095 3513 1184 3581 enim

139 3615 277 3681 dubium
301 3638 373 3680 esse
395 3625 526 3702 petest,
557 3616 658 3683 fastos
679 3616 893 3704 nefastosque
912 3615 1004 3698 dies,
1036 3639 1119 3706 quos
1150 3627 1185 3683 et

137 3733 253 3807 postca
275 3719 309 3783 in
326 3718 559 3805 jurisdictione
583 3742 712 3806 semper
741 3717 914 3785 observare
942 3743 1078 3784 necesse
1100 3729 1182 3802 erat,

136 3846 158 3884 a
190 3822 461 3888 sacerdotibus'
446 3847 516 3907 Jam
553 3822 753 3911 designatos
774 3823 1030 3912 observatusque
1063 3822 1182 3915 fuisse,

137 3923 216 4015 Alia
238 3949 343 4012 perro
361 3926 539 4015 grempla
529 3951 602 4016 rpsc
616 3926 768 4009 Οἰοιιρς,
771 3927 859 3993 ΙίΙιιο
880 3924 906 3991 l
919 3926 958 3992 tle
981 3925 1144 4015 legibusss
1132 3896 1183 4033 oli

135 4010 222 4117 leit:
236 4028 462 4120 appensam,
468 4029 589 4114 art,P
608 4030 797 4117 §qaevnlpe
806 4044 850 4111 et
854 4030 1076 4111 Coruncanio,
1100 3994 1189 4117 pretii
1229 4045 1231 4048 ’

137 4131 479 4247 ΙιΙιΙιΙιιςιιηῃιιἨι,
503 4136 814 4245 ipeppqpeffietppis,
827 4135 902 4226 gui3
899 4133 1107 4219 tantumdem
1113 4159 1181 4222 „cp
