2572 4800
495 358 754 436 ...29-

105 569 180 658 qni
200 571 340 634 hastae
362 574 606 655 praeesset,
642 563 875 630 decemviri
907 563 1147 655 lilibusja·

103 670 309 737 dicendis
331 679 409 734 sunt
427 665 562 734 creati.”
583 701 625 716 -
647 664 778 732 Plinius
800 666 892 734 hisce
916 668 1039 736 utitura
1070 694 1148 754 „sc-

103 757 225 825 debant
240 756 394 843 judices,
409 751 596 820 'decemviri
617 753 810 825 venerant.’'·
826 774 872 804 *⁴-
914 755 1049 825 Hastam
1070 780 1149 825 vero

103 858 199 950 quasi
216 861 352 949 signum
379 858 465 944 justi
492 854 631 921 dominii
652 853 774 921 Cvirali
798 856 927 942 judicio
949 860 1149 949 propositam

101 962 221 1046 luisse,
239 962 309 1048 jam
327 985 426 1052 supra
445 958 641 1035 notavimus,
686 957 769 1023 lnde
789 960 1150 1051 hastaepraeesae

98 1066 153 1143 nil
173 1066 267 1132 alind
288 1076 356 1146 est,
385 1087 487 1159 quam
510 1062 635 1130 Cvirali
651 1061 780 1149 jndicio
801 1063 1001 1151 praesidere.
1024 1103 1066 1117 -
1085 1063 1151 1133 Ne·

107 1191 172 1258 que
195 1159 398 1243 illndnobis
426 1164 665 1241 dubitationem
696 1187 826 1230 movere
842 1175 974 1253 potest,
1002 1169 1092 1256 quod
1113 1180 1147 1236 at

99 1272 248 1347 actiones
260 1272 298 1336 in
320 1291 494 1360 porsonam
513 1269 554 1334 da
575 1267 615 1332 ss.
633 1267 670 1334 S.
695 1268 785 1333 datas
806 1269 860 1333 vel
881 1268 1068 1359 denegatus,
1092 1296 1150 1338 ne·
1238 1278 1241 1287 '

103 1399 170 1465 que
193 1374 339 1442 C-tirales
373 1386 499 1439 tantum
533 1395 646 1438 causas
674 1372 738 1437 hoc
761 1372 936 1439 consilium
958 1374 1150 1461 requisiisse

103 1480 258 1545 sciamus.
304 1477 463 1543 Actiones
488 1475 633 1540 enimin
663 1497 836 1562 personam
861 1476 960 1564 longe
986 1475 1110 1540 diutius
1131 1499 1151 1547 a

102 1580 317 1669 pontificibus
338 1579 418 1645 solis
436 1577 630 1664 dijudicatas
655 1600 748 1658 esse,
775 1600 817 1643 ex
837 1577 1064 1667 superioribus
1084 1602 1150 1645 mo·

30 1770 32 1775 7
107 1683 278 1766 minimus,
303 1707 400 1773 qnam
415 1680 559 1748 actiones
574 1680 607 1745 in
622 1704 690 1745 rem
707 1680 794 1746 etde
810 1704 1024 1770 personarum
1046 1691 1146 1762 statu,

105 1808 192 1875 aquae
208 1787 278 1872 jam
295 1785 403 1853 madio
427 1786 485 1850 illo
507 1785 590 1874 regii
607 1783 738 1874 imperii
759 1796 906 1874 tempore
925 1785 966 1850 ad
983 1783 1145 1853 Cviralem

104 1890 326 1979 coguitionem
349 1890 522 1982 translatae
544 1899 633 1954 sunt.

102 2059 105 2065 ,
193 1991 325 2058 Summa
349 1991 450 2082 igitur
470 1992 571 2058 totius
592 1993 673 2056 haec
700 2000 768 2056 esta
802 1990 1002 2058 decemviros
1025 2001 1150 2080 partem

107 2095 248 2162 Cviralis
266 2095 388 2180 judieii
410 2095 527 2178 luisse,
550 2104 582 2158 et
598 2116 639 2158 ne
652 2105 776 2181 partem
795 2093 928 2183 quidem
949 2094 1069 2176 solum,
1092 2093 1151 2160 sad

105 2222 208 2262 urium
232 2221 273 2262 ex
295 2209 435 2286 quatuor
452 2198 520 2263 illis
541 2197 688 2264 consiliis
711 2208 744 2262 et
762 2198 905 2287 primurn
925 2196 1013 2263 inter
1027 2196 1149 2282 omnia,
1218 2235 1221 2239 ·

105 2301 194 2391 quod
223 2301 340 2367 ceteris
372 2311 405 2366 et
432 2300 591 2391 dignitate
627 2312 742 2390 utpote
772 2301 916 2391 praetori
949 2301 1149 2390 proximum,

106 2415 138 2468 ct
161 2404 373 2485 auctoritate,
406 2415 519 2493 utpote
551 2403 687 2472 scientia
708 2404 853 2492 insigni,
877 2415 1066 2493 praestaret.
1110 2404 1151 2472 ld

106 2507 208 2596 igitur
229 2505 393 2595 reputanti
415 2508 534 2573 mirum
552 2531 617 2573 non
639 2506 824 2587 videbitur,
847 2518 971 2572 tantum
993 2508 1056 2573 laos
1073 2529 1150 2572 eon·

108 2610 238 2692 silium,
263 2611 404 2697 praetori
427 2620 589 2700 tamquam
611 2619 805 2697 perpetuum
829 2610 1004 2700 collegium
1025 2609 1149 2694 aderat,

108 2712 147 2779 de
170 2714 307 2779 summis
331 2712 527 2802 quibusdam
552 2712 658 2778 causis
689 2712 795 2777 solum
820 2713 1010 2799 judicasse,
1039 2715 1083 2778 itu
1104 2723 1149 2776 ta·

107 2841 181 2881 men
204 2828 240 2882 ut
263 2816 372 2882 eadem
405 2814 553 2905 quaestio
583 2815 690 2880 denno
719 2816 759 2879 ad
781 2817 908 2904 reliqua
941 2815 1078 2882 consilia
1099 2839 1150 2881 ra·

110 2920 194 2986 lerri
222 2931 346 3008 posset.
392 2918 490 3003 Quod
517 2941 577 3006 ego
609 2917 649 2981 de
679 2916 810 2982 liberali
838 2929 925 2983 certe
955 2940 1050 2983 causa
1073 2940 1150 2982 con·

109 3034 194 3088 stare
208 3022 359 3088 arbitror.
391 3021 507 3088 Cicero
524 3022 610 3087 enim
623 3044 683 3110 pro
697 3019 918 3103 Caecinna„c.
932 3022 995 3087 332
1019 3044 1150 3110 „quum

108 3125 194 3214 ipse,
229 3123 293 3205 ait,
318 3125 582 3202 adolescentulus
614 3125 773 3191 arretinae
797 3125 944 3191 mulieris
962 3124 1151 3203 libertatem

107 3228 320 3294 dolenderem
350 3239 383 3293 ct
412 3228 506 3293 Cotta
528 3226 774 3294 decemviris
803 3227 996 3317 religionem
1018 3226 1149 3313 injecis-

110 3344 181 3415 set,
206 3354 273 3401 non
295 3354 392 3419 posse
420 3341 655 3396 sacramentum
684 3342 832 3397 nostrum
849 3332 976 3418 justum
993 3329 1149 3417 judicari,

110 3435 198 3525 qnod
220 3434 386 3500 Arretinis
406 3435 555 3524 adempta
577 3435 689 3499 civitas
712 3445 819 3515 esset,
842 3445 875 3499 et
897 3458 957 3524 ego
976 3434 1150 3500 veliemen-

109 3541 174 3606 tius
204 3540 466 3618 contendissem,
495 3538 656 3603 civitatem
683 3537 782 3601 adimi
805 3558 870 3602 non
899 3537 1067 3626 potuisse,
1094 3537 1149 3603 da·

109 3642 243 3708 cemviri
276 3642 404 3731 prima
439 3638 609 3706 actione
642 3662 709 3703 non
734 3639 984 3725 judicaverunt:
1022 3649 1151 3725 postea,

108 3770 142 3812 re
163 3746 309 3836 quaesita
331 3756 364 3811 et
385 3743 581 3825 deliberata,
602 3751 837 3808 sacramentum
858 3752 1005 3808 nostrum
1025 3739 1150 3825 justum

105 3848 346 3933 judicaverunt.
399 3844 504 3913 Nemo
537 3867 615 3912 voro
644 3867 714 3909 rem
738 3845 917 3931 judicatam
943 3845 1060 3912 referri
1092 3866 1151 3934 po·

110 3952 225 4034 tuisse,
246 3952 335 4017 idom
357 3950 473 4017 Cicero
497 3972 557 4038 pro
581 3947 677 4012 domo
705 3949 806 4013 ott).
829 3949 1003 4031 admonete
1038 3948 1150 4037 „quin
1256 3992 1260 3997 -

111 4055 227 4138 etiam,
245 4056 273 4120 si
289 4055 465 4121 decemviri
482 4063 718 4119 sacramentum
735 4051 769 4116 in
792 4051 975 4132 libertatem
991 4050 1151 4135 injustum

10 4174 35 4228 ‘tt
106 4155 328 4243 judicassent,
359 4170 480 4243 tamen,
503 4155 765 4247 quotiescunque
787 4156 885 4223 vellet
905 4154 1002 4244 quis,
1031 4151 1065 4217 iu
1087 4152 1151 4219 ltoc
