2572 4800
519 321 773 406 ...52..

123 533 245 623 praede
265 531 336 598 litis
356 526 577 600 vindiciarum
596 533 779 622 stipulatio,
802 534 879 623 quia
901 534 1058 604 inlocum
1076 562 1171 630 prae-

123 636 214 703 dium
240 630 411 720 successit,
448 638 506 726 qni
539 632 640 721 oiim,
668 661 769 726 quom
800 632 873 726 lc'g'e
901 640 1078 728 agebatur,
1109 667 1170 732 pro

124 742 182 806 lite
204 751 237 804 et
257 738 431 822 vindiciis,
452 740 475 802 i.
499 765 529 804 e.
550 763 611 829 pro
635 763 670 804 re
692 751 725 805 et
745 740 909 806 fructibus
931 767 950 806 a
978 767 1171 831 possessore

124 841 426 931 petitoridabatur.
440 877 482 890 -·
501 832 567 904 Per
586 842 798 930 sponsionem
814 843 918 932 igitur
934 844 1023 911 iliam
1046 847 1170 912 factum

122 945 287 1028 ridemus,
311 956 347 1010 ut
368 944 417 1009 rei
441 943 618 1009 vindicatio
641 944 676 1008 in
699 939 837 1009 formam
863 947 1046 1033 personalis
1068 949 1170 1013 actio·

123 1048 197 1130 nis,
230 1066 296 1137 qua
323 1047 460 1112 aiterum
488 1046 589 1110 XXV
619 1066 770 1110 nummos
801 1048 897 1112 nobis
920 1048 996 1114 darc
1017 1063 1172 1139 oportere

121 1147 344 1232 intendimus,
376 1150 671 1215 transformaretur.
708 1145 785 1214 -Sed
806 1149 930 1215 tautum
953 1153 1056 1216 forma
1079 1165 1169 1238 crata

122 1276 177 1318 rcs
191 1254 279 1318 enim
294 1253 367 1319 sinc
381 1253 529 1342 periculo
546 1251 587 1316 ad
603 1253 702 1317 finem
723 1252 975 1340 perducebatur.
989 1293 1032 1305 -
1063 1256 1171 1338 Quam

124 1357 259 1447 quidem
289 1356 450 1422 actionem
474 1359 507 1420 in
537 1367 606 1421 rem
629 1380 691 1444 per
713 1359 902 1445 sponsionis
934 1358 1107 1422 formulam
1130 1358 1171 1422 ad

124 1461 264 1550 primam
285 1459 378 1525 illam
405 1461 598 1526 sacramenti
628 1459 790 1524 actionem
816 1461 971 1549 proxime
1001 1460 1169 1541 accedere,

124 1586 221 1629 nemo
244 1585 311 1627 non
332 1562 434 1628 videt.
478 1562 516 1626 ln
539 1565 601 1629 hac
625 1562 714 1627 enim
736 1563 820 1652 legis
848 1563 976 1628 actione
999 1563 1058 1653 qui
1080 1564 1171 1652 prior
1200 1572 1204 1580 '

124 1665 367 1748 vindicaverat,
401 1675 601 1730 sacramento
629 1664 767 1728 atterum·
799 1665 1008 1754 provocabat.
1060 1666 1170 1731 Poena

124 1775 234 1832 autem
254 1769 447 1833 sacramenti
469 1778 525 1832 aut
557 1766 771 1856 quingenaria
800 1780 868 1833 crat
889 1781 945 1835 aut
966 1769 1170 1860 quiuquage-

125 1869 228 1933 naria.
259 1865 358 1937 'Nam
380 1871 420 1934 dc
447 1871 545 1934 rebus
577 1870 669 1935 mille
697 1870 781 1936 aeris
811 1871 957 1960 plurisve
979 1874 1170 1962 quingentis

124 1973 272 2058 assibus,
307 1974 348 2039 dc
376 1973 512 2038 minoris
542 1994 620 2036 vero
642 1972 880 2062 quinquaginta
911 1975 1040 2041 assibus
1065 1999 1170 2043 sacra·

124 2088 236 2143 mento
254 2077 524 2155 contendebatur,
545 2098 620 2138 nam
643 2074 687 2139 ita
709 2075 782 2163 lege
797 2075 866 2140 ΧΠ
888 2076 1072 2143 tabularum
1095 2102 1169 2143 can-

125 2190 195 2244 tum
218 2191 306 2265 erat,
330 2190 367 2245 ut
387 2179 416 2243 si
438 2181 478 2244 de
501 2179 652 2242 libertate
673 2178 817 2244 hominis
839 2181 1059 2246 controversia
1085 2192 1167 2264 erat,

126 2283 189 2347 etsi
213 2282 471 2371 pretiosissimus
502 2284 600 2347 bomo
636 2293 746 2364 esset,
783 2292 890 2347 tamen
920 2293 957 2348 ut
982 2283 1012 2348 L
1040 2285 1169 2349 assibus

126 2385 401 2469 contenderetur,
437 2387 547 2451 eadem
576 2386 649 2474 lege
679 2397 809 2450 cautum
832 2397 883 2450 est
907 2387 1028 2452 favoris
1058 2409 1167 2471 causa,

126 2513 169 2554 ne
186 2489 398 2554 satisdatione
421 2502 636 2555 onerarentur
656 2488 851 2553 adsertores.
896 2489 988 2554 Haec
1009 2490 1097 2555 enim
1119 2516 1168 2556 sa·

79 2605 81 2610 '
105 2592 284 2682 ‚crementi
314 2615 439 2657 summa
460 2617 477 2658 a
498 2594 585 2659 victo
614 2614 739 2680 poenae
771 2592 904 2657 nomine
929 2593 1167 2680 praestabatur,

5 2698 10 2705 ’
128 2718 231 2784 eaque
249 2693 283 2758 iu
299 2695 470 2782 publicum
485 2696 633 2779 cedebat,
656 2695 859 2784 praedesque
877 2696 1062 2762 eonomine
1075 2720 1170 2786 prae-

68 2845 70 2854 .
126 2798 190 2863 tori
212 2796 382 2863 dabantur.
414 2800 490 2892 ¹Illa
511 2795 588 2867 vero
604 2799 796 2865 sacramenti
809 2822 933 2863 summa
952 2823 970 2863 a
992 2797 1075 2885 Gajo
1093 2801 1167 2887 (IV.

127 2900 158 2993 ἓ.
182 2902 240 2990 95)
262 2914 296 2967 et
317 2906 499 2992 sponsio
527 2915 681 2988 vocatur,
717 2913 946 2984 „sacramento
979 2903 1089 2985 enim,
1118 2903 1169 2967 in·

127 3006 347 3092 quit,·reum
375 3031 610 3095 provocamus,
647 3028 751 3093 eaque
781 3005 916 3093 'sponsio
952 3004 1001 3070 St.
1025 3005 1167 3071 CXXV.

126 3121 333 3171 nummorum
356 3109 428 3173 fir.”
480 3110 597 3174 Omnis
627 3108 728 3196 igitur
757 3108 844 3174 inter
877 3121 1114 3174 sacramentum
1137 3123 1171 3176 et

85 3275 88 3304 ἴ
126 3209 339 3293 sponsionem
359 3212 450 3276 illam
472 3211 607 3302 proprie
629 3213 747 3277 dictam
769 3211 951 3276 differentia
975 3211 1010 3275 in
1033 3235 1072 3277 eo
1092 3237 1169 3278 con·

127 3311 236 3393 sistit,
260 3314 349 3402 quod
370 3338 496 3381 summa
519 3315 713 3382 sacramenti
741 3339 802 3404 per
823 3314 906 3403 legis
930 3313 1090 3380 actionem
1111 3338 1169 3404 pe·

126 3413 220 3494 titur,
243 3416 431 3502 sponsionis
453 3431 701 3486 autem-summa
715 3441 775 3506 per
796 3418 988 3503 formulam,
1012 3418 1069 3482 illa
1091 3443 1169 3484 vero

126 3538 201 3581 cum
222 3518 391 3603 periculo,
407 3519 487 3590 haec
506 3535 616 3593 autem
637 3522 720 3588 dicis
744 3523 858 3611 gratia.
879 3558 923 3570 --
965 3519 1046 3586 Inde
1068 3511 1171 3610 igitur

125 3630 312 3707 atempore
341 3622 467 3713 duplici
495 3628 623 3691 actione
650 3626 686 3689 in
716 3649 786 3690 rem
817 3623 869 3713 agi
899 3633 1044 3712 poterat,
1069 3626 1169 3718 ''legis

125 3721 252 3787 actione
273 3727 334 3813 per
354 3742 589 3795 sacramentum
610 3729 697 3818 apud
716 3728 855 3807 Cviros,
886 3737 920 3790 et
939 3750 999 3816 per
1018 3729 1169 3816 sponsio·

108 3822 178 3893 ,nis
201 3826 375 3894 formulam
391 3833 478 3920 apud
493 3832 654 3918 judicem.
702 3830 767 3896 Sed
786 3829 916 3920 qnando
936 3831 1014 3913 hoc,
1037 3832 1169 3918 qnando

56 3989 59 3996 ,
124 3925 234 3999 illud?
276 3931 347 4021 E'go
371 3934 455 3999 iilud
483 3936 646 4000 affirmare
674 3954 887 4023 nequaquam
907 3931 1054 4015 haesito,
1084 3933 1170 3997 libe·

126 4055 198 4096 rum
222 4033 402 4124 unicuique
420 4036 730 4119 fuisse-arbitrium,
754 4061 851 4128 quam
872 4033 1032 4116 voluerit,
1056 4059 1168 4123 quam·

126 4155 191 4220 que
210 4139 504 4216 commodissimam
533 4141 698 4232 putaverit
722 4143 805 4208 via'm
829 4137 984 4228 eligendi.
1040 4138 1168 4228 Nempe
1202 4198 1213 4235 4
