2572 4800
574 387 859 464 ..288-

207 597 324 663 tulisse
345 596 484 663 ridetur.
540 594 662 661 Paulus
697 592 784 660 enim
805 590 946 682 speciem
968 593 1052 678 laune
1073 600 1188 658 tractat
1206 593 1244 658 in

207 701 232 766 l.
251 702 292 766 5.·
308 698 339 792 §.
364 698 456 764 stein
473 698 534 763 tin.
557 698 601 762 D.
615 699 662 770 ,de
682 697 723 761 P.
747 695 814 761 V.=
837 695 922 780 „scd
943 694 973 760 si
996 693 1070 761 dedi
1091 692 1155 758 riti
1177 717 1244 760 eer-

205 818 303 883 rum,
338 811 375 866 nt
404 824 534 866 servom
563 812 654 864 tuum
684 799 925 864 manumittens
956 809 989 861 et
1011 794 1242 879 manumisisti,

204 917 240 970 et
261 906 312 987 is,
336 902 554 994 quemdcdi,
572 901 702 968 evictus
725 910 798 982 est,
826 900 863 965 si
886 899 1028 965 sciens
1051 897 1172 980 dedi,
1195 899 1242 964 de

203 1008 306 1072 rlolo
335 1006 377 1072 in
409 1030 468 1071 rue
503 1006 673 1070 dandam
704 1002 916 1069 actionem
935 1001 1097 1069 Julianus.
1112 1001 1240 1083 scribit,

203 1108 242 1174 si
261 1100 464 1198 ignorans
494 1106 536 1171 in
562 1107 720 1184 laetum
741 1096 955 1171 civilem.”
998 1106 1091 1190 Qna'e
1115 1104 1241 1171 Juliani

204 1211 336 1277 decisio.
350 1233 418 1275 non
440 1210 483 1273 ita
504 1208 743 1298 interpretanda
764 1218 834 1289 est,
855 1206 971 1297 quasi,
1003 1206 1033 1272 si
1054 1206 1164 1273 sciens
1186 1207 1239 1272 de·

201 1313 322 1394 derim,
343 1320 376 1377 et
396 1312 436 1377 P.
452 1310 496 1375 V.
521 1312 615 1376 etde
637 1310 712 1375 dolo
734 1309 891 1375 actionem
913 1310 948 1376 iu
968 1333 1020 1375 me
1042 1321 1237 1400 competere,

202 1416 364 1481 actionem
386 1413 427 1479 de
448 1413 523 1479 dolo
543 1425 649 1478 antem
673 1412 713 1477 P.
735 1411 778 1476 V.
812 1413 1072 1502 praeponendam
1095 1436 1167 1478 esse
1193 1413 1237 1477 di·

202 1529 275 1596 cat,
316 1539 417 1607 quum
447 1517 480 1581 id
509 1527 620 1583 eontra
648 1514 849 1581 notissimam
871 1516 958 1602 juris
992 1517 1137 1605 regulam
1166 1540 1237 1582 esse

201 1620 372 1686 videatnra
404 1619 464 1683 sed
485 1619 551 1701 ita,
582 1630 617 1683 nt
636 1618 676 1682 Ρ.
699 1617 743 1683 V.
766 1618 924 1685 actionem
954 1619 1086 1708 penitus
1114 1620 1237 1706 rejiciat

182 1732 236 1788 et
256 1723 297 1787 de
317 1722 394 1788 dolo
417 1722 523 1786 solum
544 1720 723 1809 indulgeat.
768 1721 859 1807 Quae
881 1720 1003 1787 decisio
1024 1719 1153 1788 Juliani
1173 1745 1236 1788 non

201 1824 299 1891 modo
321 1824 425 1913 ipsius
446 1823 513 1888 loci
533 1822 668 1904 verbio,
700 1819 758 1887 sed
782 1823 973 1911 praesertim
995 1834 1028 1888 et
1049 1822 1176 1889 Juliani
1199 1825 1235 1888 de

200 1929 242 1995 P.
263 1928 307 1994 V.
327 1927 455 1993 actione
476 1925 625 2015 opinioni
644 1925 805 1990 convenit.
828 1963 870 1975 -
901 1924 1116 1991 Meminimus
1139 1926 1234 2005 enim,

201 2031 372 2098 Juliannm
393 2029 428 2094 in
451 2040 610 2118 utraque,
633 2051 729 2116 quam
752 2050 849 2116 supra
875 2028 1033 2118 exposui,
1054 2040 1235 2094 controver-

201 2136 249 2200 sia
277 2131 537 2199 favorabiliorem
571 2129 729 2196 nominati
757 2141 940 2197 contractus
969 2131 1103 2197 actioni·
1124 2133 1234 2212 luisse,

201 2249 233 2302 et
263 2236 305 2300 ad
324 2235 364 2300 P.
387 2234 430 2298 V.
458 2233 617 2299 actionem
649 2244 718 2298 tum
750 2234 879 2299 demum
912 2234 1151 2318 descendisse,
1183 2235 1235 2300 uli

199 2337 323 2404 nullam
345 2337 475 2426 penitus
486 2336 581 2401 aliam
593 2336 710 2425 agendi
725 2336 808 2402 viam
828 2347 939 2426 patere
963 2338 1233 2405 animadverterit.

200 2439 275 2523 Quo
305 2440 482 2522 adductus,
525 2451 558 2504 et
594 2437 627 2503 in
667 2437 725 2503 illa
759 2441 869 2529 speeie
894 2441 1021 2506 nullam
1048 2454 1234 2531 competere

199 2543 240 2608 Ρ.
250 2542 293 2606 V.
310 2542 484 2624 actionem,
507 2542 564 2607 sed
582 2541 623 2606 de
645 2541 727 2607 dolo
741 2542 843 2608 solam
861 2544 996 2609 dandam
1015 2568 1088 2609 esse
1108 2543 1231 2609 scribit.

131 2649 134 2657 ’
200 2645 362 2735 Ulpianus
385 2656 496 2711 contra
519 2644 559 2708 Ρ.
582 2643 625 2709 V.
651 2645 810 2711 actionem
832 2669 962 2734 semper
982 2646 1144 2729 defendit,
1166 2647 1231 2712 ulsi-

199 2770 331 2838 cunquc
351 2770 403 2812 res
425 2758 459 2813 et
485 2747 539 2812 lex
561 2747 658 2813 civile
677 2749 842 2838 negotium
863 2749 1086 2832 constituunt,
1110 2774 1172 2817 nec
1191 2762 1230 2816 ta·

199 2876 274 2917 men
296 2850 460 2918 nominata
494 2850 578 2916 actio
608 2852 775 2940 competit.
826 2851 921 2918 Unde
951 2853 1021 2938 jam
1053 2853 1230 2920 necessario

199 2954 361 3045 seqnitur,
386 2952 562 3043 Ulpianum
584 2953 625 3019 de
649 2956 725 3022 dolo
746 2955 1014 3036 actionemsicul
1037 2957 1229 3047 generalem,

165 3106 168 3113 -
199 3057 244 3124 ita
269 3068 302 3122 et
321 3056 496 3144 specialem
523 3055 699 3142 rejecisse,
729 3055 852 3147 quippe
873 3058 958 3124 lsene
976 3048 1167 3143 tenentem,
1193 3059 1229 3124 de

196 3159 275 3225 dolo
295 3158 449 3223 famosam
479 3158 640 3224 actionem
669 3160 801 3226 decerni
832 3185 898 3227 non
926 3161 1068 3244 deluere,
1100 3163 1227 3229 ulrieuu·

198 3286 263 3350 quc
291 3262 354 3327 alia
382 3261 435 3327 rel
464 3260 572 3328 civilis
599 3263 652 3328 vel
683 3263 854 3329 honoraria
885 3265 1089 3354 suppeditet.
1131 3267 1227 3351 Quam

198 3364 392 3430 sententiam
414 3365 535 3452 apertis
554 3365 663 3432 verbis
685 3366 827 3432 declarat
854 3366 888 3433 in
912 3367 977 3432 line
1000 3367 1025 3433 l.
1048 3369 1105 3435 15.
1128 3368 1171 3433 D.
1192 3367 1228 3432 de

87 3545 90 3550 ¹
147 3489 153 3507 ⁴
198 3466 239 3532 P.
263 3464 306 3529 V.
331 3501 374 3516 -
424 3465 526 3532 Servo
554 3467 642 3534 enim
663 3468 801 3559 fugitivo
826 3494 845 3534 a
871 3492 923 3537 me
948 3469 1092 3537 iudicato
1120 3493 1227 3560 appre-

197 3573 389 3660 hensoque,
421 3559 551 3636 civilem
577 3571 737 3637 actionem
767 3571 847 3637 oriri
877 3571 980 3654 dicit,
1007 3572 1031 3637 i.
1056 3597 1089 3639 e.
1112 3573 1152 3638 P.
1174 3571 1227 3652 V.,

197 3698 263 3761 qua
285 3684 404 3739 certam
426 3673 608 3741 mercedem
629 3697 805 3766 assequar,
829 3675 923 3760 „nisi
943 3676 974 3741 si
997 3677 1090 3766 qnia,
1110 3675 1227 3761 adjicit,

197 3775 287 3840 etin
315 3776 512 3865 late-specie
543 3777 584 3845 dc
609 3779 685 3845 dolo
722 3781 881 3846 actionem
916 3791 1104 3869 competere
1137 3781 1227 3859 dicat,

198 3879 272 3944 nbi
307 3879 437 3945 dolus
465 3880 632 3971 aliquis
663 3883 904 3973 arguatur.”
959 3882 1093 3968 Quibus
1127 3882 1227 3950 verbis

196 3991 309 4072 aperte
342 3982 494 4071 reprobat
528 3985 674 4053 diversae
709 3988 840 4055 sclrolae
879 3989 1097 4071 sententiam,
1137 4008 1226 4077 qnae,

198 4088 259 4152 etsi
280 4088 463 4178 generalem
484 4089 574 4154 illam
601 4089 642 4155 dc
672 4091 749 4157 dolo
771 4092 930 4158 actionem
954 4092 1133 4178 rejiciens,
1162 4111 1227 4179 spe·
1277 4154 1279 4159 .

198 4191 318 4256 cialem·
335 4201 440 4257 tamen
458 4193 565 4262 adhue
580 4195 739 4283 decernit,
762 4197 959 4286 ubicumque
980 4195 1080 4263 dolus
1099 4191 1227 4284 aliquis,
