2572 4800
558 394 833 471 ...150..

179 603 308 692 ipsam
338 622 419 665 rem
436 595 543 684 judex
562 595 811 677 condemnaret,
841 606 952 686 postea
973 606 1079 661 autem
1102 595 1212 686 rigen-

175 705 264 770 tibus
301 694 450 767 l'osinulis
484 724 613 766 omnem
651 699 951 765 condemnationem
992 698 1215 788 pecuniariam

176 805 297 886 luisse,
319 802 446 868 etiamsi
466 801 559 867 verbi
587 800 687 891 gratia
708 812 798 866 actor
820 826 940 891 equum
970 803 1024 868 vel
1045 802 1218 867 hominem·

177 906 326 975 Stichum
346 903 490 992 petierit.
543 903 634 969 llaec
656 904 803 991 prolecto
830 905 911 969 mira
946 905 1118 989 ridentur}
1150 928 1215 972 nec

107 990 116 1015 i
175 1009 248 1074 sine
282 1028 398 1088 causa,
432 1030 533 1096 quum
570 1006 717 1094 quotidie
743 1006 880 1072 ‘evenire
910 1008 1036 1095 possit,
1071 1019 1107 1078 nt
1142 1031 1212 1072 rem

176 1109 337 1199 quandam
358 1107 433 1197 quis
449 1106 655 1197 pecuniariae
676 1107 891 1172 aestimationi
908 1110 1080 1198 praeferat,
1102 1108 1213 1172 etiam·

174 1214 204 1278 si
224 1211 289 1300 ipsi
306 1210 543 1297 jurejurando,
567 1210 681 1300 quanti
706 1232 764 1274 sua
787 1210 937 1294 intersit,
967 1224 1076 1276 taxare
1096 1209 1212 1292 liceat,

175 1313 262 1404 quod
286 1312 320 1378 id
342 1313 488 1402 prolecto
512 1313 601 1378 omni
622 1311 819 1378 dubitationi
841 1313 976 1397 eximit,
999 1313 1070 1379 sine
1088 1333 1214 1377 summa

174 1414 429 1506 gravissimaque
454 1438 559 1479 cansa
591 1415 671 1481 baec
715 1415 759 1480 itu
793 1416 958 1480 immutata
992 1440 1058 1480 non
1095 1414 1212 1478 luisse.
1271 1473 1276 1479 .

174 1519 279 1603 Quam
303 1517 416 1607 paucis
444 1515 628 1581 illustrabo.
682 1517 769 1582 lllud
792 1541 832 1581 cx
854 1516 1079 1606 superioribus
1101 1514 1214 1580 memi-

174 1620 304 1701 nimus,
326 1619 454 1684 addicto
476 1618 662 1706 paciscendi
687 1619 745 1704 jus
771 1620 894 1704 luisse,
927 1616 1138 1684 addicebatm·
1158 1640 1213 1681 au·
1260 1632 1276 1673 Ξ

173 1734 239 1786 tem
262 1719 453 1808 quicunque
474 1729 530 1784 aut
551 1743 594 1784 ex
616 1719 734 1785 delicto
757 1732 813 1785 aut
834 1745 874 1786 ex
900 1731 1066 1786 contractu
1089 1719 1219 1807 obliga·¹

173 1833 227 1887 tus
244 1819 426 1907 judicatum
448 1821 555 1886 lacere
574 1833 650 1908 post
661 1816 823 1886 ‘statutum
851 1821 1211 1912 tempusdetrectabat.

173 1924 262 2014 Ergo
285 1923 315 1988 si
338 1923 430 1991 verbi
451 1924 561 2013 gratia.
577 1921 913 2007 Stiebumlromiuem
937 1925 1015 2013 δύο
1037 1925 1115 1989 dare
1136 1945 1213 1990 con·

173 2026 343 2094 damnatus
361 2025 436 2108 sim,
459 2018 555 2115 isque
583 2036 757 2114 antequam
782 2026 904 2091 tradam
926 2024 1123 2109 decesserit,
1144 2035 1214 2089 tuna

173 2141 248 2220 post
271 2128 375 2194 XXX
402 2128 472 2194 dies
501 2151 615 2193 manus
648 2127 730 2192 mibi
759 2127 852 2215 injici
882 2141 1013 2218 praetor
1039 2126 1211 2215 permittit,

113 2299 115 2308 ,
174 2230 337 2320 siquidem
365 2229 441 2299 dolo
462 2229 580 2295 bacin
608 2252 645 2295 re
671 2241 816 2295 versatus
843 2231 918 2295 sim.
973 2228 1086 2295 Manet
1105 2240 1210 2294 autem

173 2332 254 2399 mibi
275 2331 462 2421 paciscendi
479 2330 557 2417 jus3
580 2329 686 2421 legem
708 2331 851 2419 pactioni
869 2342 975 2397 autem
999 2330 1114 2417 Sejum
1131 2327 1212 2396 scri·

173 2433 266 2516 berc,
287 2457 426 2524 meque,¹
449 2432 687 2523 qualiscunque
702 2433 758 2515 sit,
782 2434 929 2524 accipere
944 2433 1078 2516 debere,
1098 2455 1212 2500 omncs

173 2534 260 2602 bene
293 2535 495 2624 intelligunt.
551 2533 589 2600 si
616 2546 723 2600 autera
754 2536 865 2602 nullus
893 2537 988 2602 dolus
1020 2538 1081 2603 bac
1112 2537 1149 2603 in
1174 2560 1210 2603 re

173 2648 320 2704 versatus
337 2639 393 2720 sit,
416 2651 485 2703 tum
502 2637 584 2727 mibi
600 2637 746 2724 judicem
767 2640 965 2706 arbitrumve
982 2639 1024 2704 ad
1043 2640 1129 2706 banc
1143 2663 1211 2723 reru¹

171 2740 400 2808 aestimandam
422 2739 588 2830 postulare
608 2743 809 2808 conceditur.
853 2742 929 2808 Tali
950 2741 1038 2808 enim
1060 2765 1139 2807 casu
1163 2742 1212 2808 los

173 2869 248 2912 eum
268 2845 422 2911 babuisse
436 2844 526 2936 legis
548 2845 707 2912 actionem
724 2871 784 2936 per
800 2847 924 2932 judicis
944 2846 1209 2937 postulationem,

169 2945 238 3032 jam
259 2971 358 3037 supra
379 2947 477 3013 latins
499 2947 650 3037 exposui.
704 2950 744 3015 In
772 2962 911 3040 utroque
932 2961 1040 3015 autem
1062 2973 1142 3015 casu
1162 2949 1209 3016 roi

33 3119 36 3124 ,
174 3060 325 3114 eventum
347 3070 366 3113 a
387 3061 536 3138 praetore
564 3050 705 3139 primum
729 3053 930 3117 immutatum
964 3075 1035 3117 esse
1056 3053 1206 3120 arbitror.

108 3166 111 3177 ’
174 3150 271 3234 Quod
303 3150 390 3216 enim
417 3150 523 3240 primo
550 3151 608 3218 illo
640 3176 718 3219 casu
747 3154 848 3220 totius
880 3154 929 3219 'rei
959 3154 1142 3220 aestimatio
1169 3176 1207 3220 ex

90 3327 93 3334 ¹
174 3253 344 3319 creditoris
365 3253 499 3320 arbitrio
521 3254 637 3338 tiebat,
657 3256 731 3338 cui,
756 3258 846 3324 omni
869 3257 1018 3347 pactione
1039 3257 1206 3346 denegata,

71 3356 74 3360 ’
174 3365 207 3421 et
228 3354 266 3418 in
285 3345 473 3421 servitutem
502 3356 691 3424 debitorem
703 3360 875 3439 detrudere
897 3358 1035 3439 licebat,
1065 3360 1130 3426 boc
1153 3359 1206 3425 bo·

174 3478 291 3522 norum
318 3456 500 3523 venditioni
528 3464 655 3548 postea
670 3462 758 3528 haud
783 3462 923 3552 amplius
952 3461 1204 3555 convenire'po·

172 3558 294 3643 tuisse,
317 3582 412 3625 nemo
434 3571 484 3626 est
508 3562 567 3651 qui
594 3588 660 3630 non
681 3566 799 3632 rideat.
844 3567 884 3631 ln
909 3564 1097 3630 servitutem
1120 3564 1203 3629 euim

173 3659 346 3726 detrudere
376 3663 464 3727 band
491 3665 633 3754 amplius
667 3669 863 3757 permissum
884 3677 974 3750 erat,
999 3689 1053 3730 ex
1072 3665 1207 3730 arbitrio

154 3772 279 3828 'autem
300 3765 384 3832 lacta
405 3765 477 3852 ejus
504 3767 554 3832 rei
580 3769 759 3837 aestimatio
781 3767 1049 3853 concurrentibus
1071 3767 1205 3833 credito·

172 3863 264 3929 ribus
286 3889 329 3932 ne
349 3867 457 3933 fraudi
486 3879 572 3934 esset
590 3860 768 3938 verendum
790 3884 869 3940 crat.
914 3871 1010 3955 Quod
1031 3881 1141 3951 autam
1162 3869 1205 3935 'al-

172 3975 276 4031 terum
299 3992 411 4034 casum
427 3969 561 4052 attinet,
594 3974 687 4039 nefas
708 3972 837 4064 praetor
863 3974 1021 4053 ducebat,
1050 3974 1143 4039 litem
1162 3970 1203 4038 al·

171 4078 271 4135 terant
295 4094 492 4160 consurgere
517 4089 559 4137 ex
579 4074 648 4143 litis
668 4078 792 4166 primae
813 4078 956 4144 materia.
1001 4075 1136 4159 Quibus
1158 4096 1203 4140 ra·

122 4171 123 4176 ’
173 4166 316 4238 tionibus
332 4173 455 4239 ,ductus
476 4173 617 4258 jubebat
637 4179 789 4266 judices,
821 4205 903 4271 quos
926 4179 997 4269 ipse
1020 4179 1062 4249 de
1082 4179 1141 4249 lita
1157 4175 1201 4257 dl·
