2572 4800
484 478 529 497 -·
582 431 675 554 utu·
715 476 763 496 -·-

108 639 331 722 venditionis,
367 639 427 704 sed
444 704 446 711 ,
462 636 587 703 nullan
621 633 719 702 aliam
751 601 877 724 adesse¹
899 628 1144 719 obligationem,

108 755 208 834 quam
227 742 270 809 ob
292 766 359 807 reru
389 740 478 821 dati,
512 760 636 804 renum
661 747 794 820 secuta,
829 745 889 820 „et
909 734 997 814 ideo,
1019 730 1146 818 adjicit,

107 845 138 911 ri
161 856 309 911 mortuus
332 855 383 909 est
416 842 570 925 Stielana,
595 850 752 929 repetere
774 858 907 927 possum
918 857 936 918 ,·
962 834 1051 925 quod
1074 833 1147 899 ideo

44 1016 49 1022 ,
104 946 173 1012 silvi
196 947 292 1028 dedi,
324 956 362 1010 nl
383 944 530 1010 Stielrum
554 942 635 1009 mihi
660 941 788 1007 daree”.
841 938 914 1023 Qua
934 937 968 1002 in
991 960 1028 1001 re
1049 937 1146 1004 velim

107 1047 285 1138 diligenter
305 1049 451 1114 uttendas
471 1045 694 1112 differentiam.
708 1044 794 1109 inter
811 1036 894 1107 hane
914 1041 1146 1131 obligationem

110 1149 244 1216 obrem
267 1152 333 1218 dati
353 1162 386 1219 et
408 1151 582 1217 emtionem
603 1147 835 1215 venditionem.
887 1144 1040 1210 Emtione
1061 1143 1147 1210 enim

108 1249 298 1320 venditione
335 1255 479 1344 perlecta
519 1263 667 1334 constat,
706 1248 887 1340 perieulum
920 1246 968 1312 rei
999 1246 1148 1313 venditae

110 1355 297 1422 omnimodo
318 1358 359 1421 ad
381 1368 536 1423 emtorena
557 1354 723 1446 pertinere
733 1367 749 1437 ς·
771 1375 841 1442 arg.
866 1351 891 1416 l.
911 1351 945 1414 8.
962 1372 1023 1438 pr.
1039 1347 1085 1414 Ι).
1109 1348 1148 1414 de

108 1458 213 1548 perir.
237 1471 270 1525 et
289 1459 449 1526 eommod.
473 1459 523 1525 rei
546 1457 664 1544 venda
695 1455 739 1521 ita
768 1465 824 1537 ut,
862 1450 1023 1518 si'Stielri
1051 1449 1148 1516 emtio

108 1562 254 1628 venditio
283 1573 447 1629 routrmta
477 1572 587 1644 esset,
618 1558 759 1651 pretinm
788 1579 807 1621 ι
835 1577 899 1620 me·
919 1552 1052 1619 eondiei
1083 1574 1148 1617 non

109 1675 233 1750 posset.
256 1702 299 1715 -
321 1664 500 1747 Quaerenti
521 1675 628 1729 nutem
652 1663 738 1727 unde
760 1657 920 1749 originem
943 1657 1050 1721 trahat
1070 1656 1147 1721 haer

109 1765 314 1847 differentia,
344 1750 606 1857 respondendum
629 1775 698 1831 esta
730 1786 771 1829 ex
795 1784 854 1842 eo,
888 1757 976 1848 quod
1001 1759 1035 1823 in
1057 1748 1148 1849 inuo-

110 1865 243 1931 minatis
276 1868 495 1942 eontraotihns
526 1865 728 1957 poenitentia
757 1863 864 1928 lorum
896 1861 1023 1942 hahet,
1054 1882 1148 1949 qnam

112 1967 249 2033 emtioni
269 1970 451 2037 venditioni
471 1993 606 2061 prorsus
626 1969 764 2034 alienam
786 1987 858 2030 ease
878 1963 1032 2029 vidimus.
1077 1961 1147 2055 Ipsa

108 2071 201 2136 enim
235 2071 341 2139 Stielri
370 2096 458 2140 mors
488 2073 587 2154 facit,
623 2080 660 2136 nt
690 2090 743 2134 me
766 2065 952 2157 poeniteat,
986 2075 1090 2155 utque
1109 2085 1148 2128 ex

62 2256 66 2262 -
110 2171 311 2261 poenitentia
333 2175 505 2264 pecuniam
522 2174 627 2240 ἆιῑιιι
645 2171 826 2239 condicam.
871 2165 1024 2252 Quodita
1043 2190 1080 2232 se
1096 2165 1148 2231 lra-

111 2271 191 2339 bere
213 2277 342 2364 egregie
366 2277 534 2342 confirmat
563 2274 725 2365 Ulpianus
753 2273 788 2338 in
810 2272 835 2338 l.
853 2272 888 2338 ll.
921 2272 961 2337 de
993 2272 1091 2337 eund.
1118 2292 1147 2336 c.

111 2373 147 2439 d.
171 2398 203 2440 o.
225 2400 260 2443 n.
286 2401 315 2442 s.
370 2378 492 2445 Eodem
521 2380 609 2444 enim
629 2375 796 2463 lnie'juris
818 2373 965 2465 quaestio
986 2384 1149 2457 tractatur,
1180 2403 1183 2410 ¹

112 2480 263 2565 quamvis
285 2481 412 2548 diversa
432 2483 476 2548 sit
499 2481 627 2571 speeies
657 2478 836 2570 proposita.
883 2475 949 2560 „Si
982 2474 1148 2565 pecuniam

114 2577 191 2645 ideo
212 2584 397 2671 receperis,
427 2595 464 2649 ut
484 2583 628 2672 Capuam
657 2605 731 2664 eas,
757 2579 876 2647 deinde
895 2592 1009 2669 parato
1031 2579 1092 2645 tibi
1111 2578 1150 2643 ad

114 2682 388 2771 proficiscendum
413 2686 557 2752 conditio
579 2683 734 2774 temporis
762 2681 814 2750 vel
834 2681 1031 2749 valetudinis
1052 2681 1149 2771 impe-

112 2783 259 2849 dimento
281 2786 401 2871 luerit,
435 2811 502 2877 qno
523 2787 632 2853 minue
653 2783 927 2877 proficiscereris,
958 2807 1000 2848 ιιι
1023 2783 1150 2851 eondiei

112 2884 218 2974 possit
240 2885 427 2955 videndum.
472 2889 517 2955 Et
537 2912 638 2979 quum
664 2911 725 2979 per
743 2898 778 2954 te
797 2910 863 2954 oon
886 2887 1025 2970 steterit,
1047 2896 1151 2978 potest

114 2985 203 3067 diei,
241 2990 469 3077 repetitionem
491 3013 641 3076 cessare,
677 2990 744 3057 sed
766 3013 888 3078 quum
911 2990 1045 3057 liceat
1064 3013 1149 3081 poe·

113 3089 254 3180 nitere
277 3093 337 3174 ei,
368 3094 440 3183 qni
471 3094 614 3176 dedit,
650 3093 800 3182 procul
831 3078 958 3159 dubio
991 3105 1149 3183 repete·

115 3202 181 3257 tur
202 3193 261 3275 id,
292 3196 398 3283 quod
425 3196 747 3267 datumst...
773 3195 819 3278 .”,
850 3182 911 3269 'Jn
945 3217 1072 3262 summa
1094 3196 1149 3286 igi-

114 3305 171 3363 tur
190 3296 387 3381 dicendum,
410 3297 544 3388 Ulpiani
567 3296 722 3386 Celeique
743 3296 935 3362 sententiam
967 3321 1038 3363 earn
1067 3321 1148 3378 esse,

114 3407 153 3460 ut
171 3419 284 3476 ersus,
321 3400 381 3488 qni
401 3400 538 3490 impedit
572 3423 614 3465 ne
635 3399 790 3489 placitum
811 3399 984 3489 impleatur
991 3445 1003 3481 ,
1042 3398 1149 3491 poeni·

116 3498 237 3565 tentiae
263 3499 404 3590 ideoque
431 3502 630 3569 condictioni
657 3502 771 3587 illius,
806 3503 865 3591 qni
891 3502 1001 3585 dedit,
1045 3504 1150 3571 locum

115 3599 223 3667 faeere
251 3602 388 3670 dicatur.
446 3604 548 3690 Quae.
570 3605 730 3670 sententia
756 3605 836 3671 milri
868 3603 994 3695 placet,
1030 3605 1148 3696 quippe

116 3725 200 3788 quae
221 3703 329 3770 indoli
358 3718 456 3794 utque
477 3720 610 3773 naturae
636 3708 908 3774 innominatornm
928 3718 1150 3778 contractuum

49 3830 51 3835 ·
116 3802 239 3892 optime
267 3809 431 3874 convenit.
461 3848 503 3861 -
532 3810 702 3876 Diversum
732 3824 838 3875 tannen
870 3809 928 3875 alii
959 3810 1150 3889 defendunt,

116 3906 292 3973 Proculum
319 3923 506 4006 seqpentes.
562 3913 722 3981 Proculus
750 3913 837 3980 euim
867 3912 900 3977 in
932 3913 958 3977 l.
983 3913 1018 3979 3.
1048 3910 1099 4006 ἓξ.
1118 3911 1150 3988 3,

115 4009 151 4074 d.
174 4009 219 4076 D.
243 4011 341 4093 eod,
366 4012 395 4077 si
417 4013 461 4079 ita
485 4015 562 4103 dedi
582 4028 619 4080 ut
641 4015 788 4082 Stiolrum
809 4014 1067 4098 manumittens,
1090 4013 1152 4085 86·

116 4111 197 4176 olaus
213 4123 319 4179 autem
342 4113 518 4182 decesserit
532 4118 677 4184 nondum
693 4116 930 4199 strennuissus,
955 4117 1099 4207 quaerit,
1113 4139 1151 4181 an

117 4215 221 4301 repeti
233 4215 322 4305 quod
333 4215 442 4284 datum
457 4229 520 4304 est,
537 4221 667 4310 possiti
678 4234 712 4292 et
719 4221 764 4289 ait
776 4220 858 4306 2:„ri
865 4222 988 4311 postid
998 4220 1152 4313 temporis
