2572 4800
492 384 836 471 ess-w

125 666 128 681 ,
184 611 411 696 argumentum
436 599 519 665 illud
539 608 650 691 puto,
670 576 767 691 'qnod
800 576 886 664 idem
912 582 1030 666 Cicero
1052 596 1088 663 in
1112 581 1233 690 'eedem

182 707 328 774 oratioue
343 694 436 771 illu'm
451 701 662 791 sponsionem
684 700 805 766 tertiu'e'
818 701 919 793 pertis
942 701 1109 793 legitimae
1127 703 1233 793 partis

70 891 78 902 ἱ
183 810 394 899 sponsionem
413 811 525 886 vocat,
561 827 621 894 pro
650 803 750 870 Rosc.
788 801 882 869 Com.
919 805 1009 870 etde
1057 805 1233 895 „pecunia

182 912 245 978 tibi
267 911 448 976 debebatur
476 918 587 990 certa,
611 929 696 996 quae
721 929 811 995 nune
833 908 958 996 petitur
985 932 1045 998 pcr
1071 909 1234 995 jndicem,

185 1017 220 1081 in
245 1027 314 1103 qua*
333 1011 497 1101 legitimae
520 1010 631 1100 partis
659 1011 795 1101 sponsio
818 1011 901 1076 laete
924 1013 1012 1096 est”;
1044 1012 1130 1078 uude
1152 1011 1237 1077 milri

181 1114 330 1207 jano-lex
353 1114 411 1180 illa
444 1113 542 1195 silla,
573 1136 658 1204 quae
691 1112 933 1199 condictionem
962 1113 1166 1198 introduxit,
1203 1122 1240 1179 et

183 1222 269 1286 hane
301 1217 492 1308 sponsionis
525 1220 683 1282 summam
718 1215 887 1282 definiisse
921 1214 1062 1282 ridetur.
1116 1215 1237 1306 Neque

186 1332 353 1412 oppugnat
374 1319 459 1387 illud
480 1318 570 1414 Gaji,
593 1319 651 1386 uhi
673 1324 856 1410 praetorem
879 1343 921 1385 ex
942 1317 1139 1409 quibusdam
1160 1330 1235 1384 caui

186 1426 233 1490 sis
262 1423 475 1515 sponsionem
500 1424 608 1490 lacere
649 1420 839 1510 perinisis'se
868 1419 959 1488 dicit.
1015 1421 1118 1486 Aliud
1148 1417 1237 1511 enirn

185 1536 236 1593 est
258 1526 471 1622 permittere,
506 1524 595 1589 aliud
625 1523 834 1590 introducere
858 1534 890 1590 et
912 1521 1060 1607 sancire,
1093 1525 1234 1611 etquis

181 1627 252 1715 jam
273 1629 347 1717 lege
368 1627 463 1692 aliter
484 1636 576 1691 erant
599 1627 795 1711 introducta,
818 1627 930 1698 eadem
952 1624 1132 1691 observari·
1147 1625 1236 1715 apud

186 1752 224 1796 se
246 1736 377 1821 praetor
396 1729 586 1821 permittere
615 1738 734 1818 potest.
786 1728 926 1794 Accedit
956 1738 989 1794 et
1007 1727 1109 1817 ,alind
1143 1733 1236 1818 argui

187 1844 354 1914 ruentum,
384 1842 454 1897 'non
480 1853 520 1897 ex
554 1831 654 1898 unius
686 1831 777 1897 vocis
809 1830 1063 1921 significatione,
1099 1830 1166 1895 s'ed
1188 1823 1235 1896 'eri

88 1980 91 1985 ·
187 1936 295 2026 ipsius
313 1934 362 2002 rei
384 1945 499 2022 natura
521 1944 676 2022 sumtum.
723 1935 833 2019 Quum
854 1933 943 1999 enim
965 1933 1036 2022 ipsa
1057 1928 1236 2023 condictioss

190 2040 243 2104 nis
258 2038 343 2104 actio
358 2039 516 2105 inlocum
538 2038 732 2104 sacraurenti
754 2036 891 2103 actionis
911 2037 946 2102 in
969 2056 1143 2126 personam
1164 2059 1236 2102 suc·

190 2142 364 2224 cessisset,
385 2139 433 2205 nil
456 2150 521 2205 tarn
542 2142 689 2207 naturale
708 2139 815 2206 videri
837 2139 934 2204 debet
956 2139 1007 2205 vel
1030 2137 1238 2204 mediocriter

191 2243 322 2329 injure
344 2264 478 2307 romano
500 2252 649 2325 versato,
679 2265 776 2332 quam
800 2242 996 2308 sacrament
1020 2241 1238 2331 illam'slipm

192 2344 348 2411 lationem
370 2367 437 2409 non
461 2344 592 2432 penitus
615 2344 801 2429 interiissc,
832 2346 892 2411 sed
915 2354 947 2410 ct
967 2357 1080 2434 postea
1098 2343 1139 2409 in
1161 2350 1237 2411 cod·

191 2448 346 2514 dictionis
374 2447 502 2513 actione
532 2446 673 2513 similem
711 2447 872 2539 quandam
903 2447 1148 2536 stipulationem
1171 2432 1238 2512 scri

190 2563 296 2617 raram
320 2573 404 2615 csse.
448 2549 546 2616 ldcm‘
564 2562 597 2617 et
618 2549 724 2637 Gajus
752 2551 897 2616 sensisse
919 2551 1048 2616 videtur
1069 2550 1144 2616 loco
1167 2549 1239 2635 illo,

193 2668 259 2742 q'rm
282 2651 474 2718 sacramenti
495 2653 754 2744 stipulationem,
779 2674 875 2743 quam
897 2653 1020 2743 etipse
1040 2653 1239 2745 elias‘spon·

192 2756 320 2821 sionem
335 2767 439 2837 vocat,
462 2760 537 2822 euna
558 2755 723 2845 legitimae
741 2754 843 2846 partis
859 2755 1037 2844 sponsione
1059 2766 1237 2846 comparata

116 2859 121 2869 '
192 2858 310 2949 Neque
332 2863 438 2924 tam'en
453 2858 655 2927 differentiae
671 2860 831 2952 quaedam
848 2859 961 2950 ¹negari
978 2869 1128 2948 possunt.
1168 2858 1239 2926 Pri·

191 2982 282 3026 mmn
309 2962 396 3027 enim
430 2973 667 3028 sacramentum
696 2960 929 3052 praejudiciale
960 2973 1030 3045 est,
1062 2973 1095 3027 et
1126 2961 1241 3051 perid

193 3065 291 3129 dere
315 3063 386 3153 ipss
410 3065 572 3129 sententia
603 3065 718 3130 lectur.
772 3062 915 3158 Sponsio
946 3077 1054 3132 autem
1080 3065 1138 3131 illa
1164 3089 1240 3155 poe·

192 3167 278 3231 nalis
302 3175 370 3246 est,
407 3175 440 3230 ct
461 3188 563 3256 quum
586 3167 626 3233 de
649 3190 685 3232 rc
714 3167 784 3256 ipsa
812 3165 995 3254 judicatum
1019 3167 1086 3253 sit,
1118 3180 1190 3235 tum
1213 3176 1242 3235 et

194 3270 235 3335 de
257 3270 436 3359 sponsione
458 3271 618 3336 sententia
643 3270 707 3337 lata
729 3271 939 3363 intelligitur.
984 3270 1072 3338 Tum
1102 3281 1136 3338 e't
1159 3270 1242 3339 illud

160 3392 163 3397 ’
195 3382 431 3437 sacramentum
455 3372 489 3437 in
514 3374 684 3463 publicum
709 3373 868 3460 cedebat3
898 3375 1087 3464 sponsionis
1110 3398 1191 3442 vero
1213 3382 1242 3442 et

194 3475 455 3564 restipulationis
477 3500 584 3565 poena
605 3479 698 3544 luero
721 3476 857 3565 cedebat
877 3477 1061 3543 adversario
1083 3477 1241 3544 vincenti.

194 3576 286 3643 Haec
311 3588 418 3643 autem
448 3578 492 3643 ita
514 3580 632 3647 melius
656 3581 737 3646 mihi
768 3580 985 3646 condictionis
1009 3591 1144 3647 naturae
1168 3590 1242 3649 con·

194 3678 307 3743 venire
329 3679 493 3764 ridentur,
513 3705 610 3770 quarn
629 3682 699 3748 illa.
744 3683 842 3766 Quod
854 3682 907 3748 his
928 3685 1041 3772 paucis
1057 3684 1240 3753 illustrabo

197 3777 312 3846 Stricti
329 3781 417 3867 juris
446 3784 703 3872 obligationibus
730 3806 799 3850 earn
833 3787 980 3850 naturam
1001 3773 1129 3853 'teresse'
1145 3810 1241 3878 supra

196 3879 286 3972 dixi,
318 3893 356 3947 ut
377 3908 461 3950 nnus
484 3895 609 3951 tantum
631 3887 727 3953 alteri
747 3886 945 3971 obstrictus,
976 3890 1242 3981 neque‘uterqne

195 3982 297 4081 alteri,
318 3984 456 4053 invicem
490 3989 653 4079 obligatus
683 3989 934 4081 intelligeretur.
987 3991 1135 4059 Eandem
1162 3997 1241 4060 lianc

119 4157 120 4160 Ἴ
196 4097 345 4153 naturam
385 4100 418 4154 et
452 4089 671 4175 condictionis
715 4093 799 4184 legis
830 4094 915 4160 ectio
950 4095 1096 4161 exhibet.
1152 4086 1242 4162 Hanc

197 4188 284 4257 enim
310 4191 355 4258 ita
384 4191 566 4260 institutum
595 4196 757 4282 vidimus,
788 4196 989 4265 secretim
1023 4198 1240 4269 debitori‘ind
