2572 4800
508 349 767 422 ..6-

123 555 198 623 ideo
229 553 312 620 mihi
338 551 559 620 necessarium
576 548 731 634 'ostentm
756 551 955 642 'priusquam
984 552 1025 617 ad
1056 551 1168 618 eondi-

124 659 266 728 etionem
288 657 392 749 ipsum
416 656 643 723 illustrandam
662 655 835 737 accedam,
857 665 951 720 antea
973 655 1014 721 de
1030 655 1168 742 judiciis

123 760 279 830 civilibus
300 770 459 846 tractare,
484 760 593 851 qualia
623 758 694 851 ipsa
725 769 757 824 et
778 781 881 849 penes
909 783 1007 848 quem
1029 760 1166 827 luerint.

575 980 665 1048 Pons
687 981 715 1047 l.

490 1117 553 1186 ΒΕ
594 1115 800 1187 JUDICIIS.

212 1274 265 1342 Ex
290 1274 403 1342 multis
431 1275 642 1365 antiquorem
680 1271 877 1361 scriptorum
905 1272 1102 1339 testimoniis
1136 1275 1170 1340 id

24 1396 29 1405 ‘
127 1378 403 1463 consensionis
423 1378 512 1465 juris
534 1377 642 1445 civilis
664 1375 856 1458 seientiam,
878 1398 1042 1466 omneque
1061 1378 1170 1444 litium

21 1488 24 1493 ’
127 1482 382 1549 dirimendarum
399 1482 457 1567 jus
477 1481 597 1570 primis
621 1478 714 1545 urbis
736 1477 938 1567 temporibus
960 1480 1169 1568 apud‘eolle·

128 1585 218 1678 giem
240 1585 432 1675 pontificum
452 1576 586 1649 farisaei,
617 1580 723 1667 cujus
740 1580 790 1645 rei
811 1580 996 1649 testimonie
1016 1583 1096 1647 lraee
1114 1583 1170 1646 ba·

128 1689 214 1756 beor
248 1689 391 1778 primum
423 1686 556 1777 quidem
584 1683 716 1750 Gellius
749 1681 937 1751 Labeonem
970 1687 1093 1751 referre
1124 1686 1171 1752 ait

127 1790 188 1883 (Ni
210 1792 255 1856 A„
286 1789 466 1856 liba..XV.
489 1813 519 1854 e.
542 1789 629 1876 22),
663 1786 764 1857 calata
794 1786 925 1851 comitia
946 1811 1006 1875 pro
1030 1788 1173 1878 collegio

128 1892 323 1982 pontilieum
344 1893 453 1958 liabita
476 1914 570 1975 esse3
593 1889 681 1954 unde
706 1898 808 1977 patet,
831 1911 935 1976 penes
950 1912 1007 1955 eos
1028 1889 1171 1979 primum

129 1994 233 2060 totius
261 1995 464 2084 reipublicae
485 1993 635 2084 regimen
658 1991 775 2058 luisse.
819 1991 929 2078 Hujus
950 1993 1003 2060 vel
1031 1996 1171 2060 maxima

130 2121 207 2187 pars
236 2097 272 2163 in
304 2099 374 2188 ipsa
398 2095 630 2184 jurisdictione
658 2095 764 2184 posita
791 2107 878 2176 erat,
913 2097 967 2161 etri
1000 2099 1170 2186 pontifices

130 2200 327 2290 praefuisse,
350 2201 516 2289 expressis
536 2198 646 2266 verbis
665 2209 805 2267 testatae
815 2198 1020 2289 Pomponius
1043 2202 1078 2268 in
1098 2201 1122 2266 l.
1134 2203 1168 2267 2.

131 2301 163 2394 ἕ.
184 2305 222 2369 6.
241 2302 286 2367 D.
314 2305 355 2368 de
376 2303 459 2392 orig.
479 2305 550 2390 jur.
572 2302 727 2392 idemque
750 2300 783 2367 e't
809 2301 872 2369 ulia
894 2303 1102 2387 confirmant3
1125 2305 1173 2371 in·

132 2414 184 2471 ter
192 2416 276 2492 quae
287 2406 448 2494 imprimis
460 2407 568 2472 refero
578 2405 837 2494 antiquissimam
847 2405 936 2473 illam
944 2416 976 2470 at
987 2407 1171 2494 generalem

130 2505 215 2597 legis
223 2509 396 2588 actionem,
408 2533 492 2598 quae
501 2519 700 2578 sacramento
709 2507 817 2575 fiebat.
833 2507 946 2597 lpsum
955 2509 1040 2573 enim
1052 2513 1172 2574 nomen

132 2610 355 2677 testimonium
374 2623 436 2693 est,
457 2613 542 2677 bane
562 2611 645 2700 legis
665 2610 826 2678 actionem
843 2634 861 2675 e
876 2609 1109 2696 jurisdictione
1122 2636 1172 2677 se·

129 2711 301 2779 eardorm
320 2713 481 2801 originem
503 2714 653 2780 traxisse.
706 2711 772 2779 Sed
805 2736 867 2779 nee
895 2713 967 2787 alia
987 2714 1173 2783 testimonia

130 2815 275 2883 kasta
297 2817 490 2882 sacramenti
511 2841 669 2882 summam
689 2816 776 2905 apud
794 2816 967 2908 pontillees
991 2816 1173 2905 depositam

132 2940 221 3000 esse,
243 2917 349 2984 Varro
370 2919 416 2985 ait
437 2918 491 3008 (de
506 2919 588 3008 ling.
605 2919 706 3013 latin.¹
721 2918 767 3001 V,
778 2918 854 3006 36);
875 2938 1012 3008 eamque
1032 2921 1068 2988 iu
1085 2921 1171 3010 ipso·

126 3045 207 3087 ¹rum
225 3021 560 3106 aerariamseessisse⁹
582 3024 659 3112 plus
676 3044 773 3111 quam
789 3020 960 3111 probabile
984 3035 1046 3104 est,
1069 3048 1174 3114 quum

135 3135 170 3189 et
189 3132 303 3213 postea
326 3124 361 3188 in
379 3125 550 3213 publicum
563 3126 704 3192 *eandem
721 3124 859 3192 cessisse
881 3150 899 3190 e
916 3125 1001 3212 Gejo
1022 3126 1098 3214 (lib.
1109 3129 1171 3195 lv.

128 3225 176 3320 ᾧ.
192 3228 250 3316 13)
269 3240 472 3318 eempertum
493 3230 683 3296 babeamus.
738 3226 828 3310 Quin
861 3228 939 3294 inde
966 3231 1175 3319 potissimum

111 3330 344 3414 sumebatur,
377 3332 464 3397 unde
493 3357 582 3399 saera
605 3332 668 3398 diis
699 3331 826 3396 fierent.
877 3331 980 3398 Porro
1010 3335 1066 3400 illa
1088 3336 1173 3425 legis

133 3435 220 3501 aetio
241 3436 404 3525 generalis
417 3436 595 3526 eademque
611 3432 831 3502 vetustissima
851 3447 931 3501 erat.
976 3436 1060 3505 Nam
1083 3439 1173 3526 quod

132 3537 339 3629 Pomponius
362 3539 443 3605 l..·e.
466 3542 572 3621 affert,
595 3550 613 3605 'e
634 3537 702 3607 ΧΠ
736 3537 865 3603 demum
886 3539 1007 3610 tabulis
1036 3541 1174 3610 fluxisse

134 3639 224 3729 legis.
240 3641 407 3725 actiones,
429 3643 473 3707 ita
494 3641 773 3731 interpretandum
795 3642 969 3726 existimo,
1002 3656 1057 3724 ut,
1085 3646 1175 3734 quod

31 3745 32 3748 ’
131 3742 201 3828 jem
236 3755 329 3808 antee
361 3744 544 3809 diutissime
575 3744 824 3835 observaretur,
860 3745 896 3811 id
927 3770 944 3811 a
981 3746 1174 3815 decemviris

134 3844 266 3911 demum
295 3848 418 3935 scripto
446 3848 607 3913 firmatum
635 3847 738 3912 luisse
770 3848 926 3932 dieamus.
988 3849 1092 3935 Cujus
1125 3852 1175 3916 rei

134 3950 222 4039 bnjud
234 3973 369 4038 parvum
391 3950 614 4015 testimonium
632 3950 717 4015 illml
731 3974 803 4016 esse
818 3952 1060 4033 affirmaverim,
1085 3955 1175 4042 quod

134 4053 276 4141 etapud
299 4076 429 4142 graecas
451 4052 597 4119 civitates
619 4053 776 4140 plurimas
799 4054 909 4145 eadem
933 4056 1054 4140 judieii
1076 4059 1175 4123 aetio·

133 4156 255 4249 uisque
276 4159 478 4255 consuetude
498 4155 676 4231 iuvenitur.
721 4156 818 4244 Quod
834 4157 922 4227 euim
941 4158 1098 4227 Romanis
1123 4182 1171 4225 sa·
