2572 4800
510 371 768 447 ...91-

120 578 193 667 poli
214 574 367 647 romani·¹
395 575 469 647 lloe
490 585 599 641 autem
620 598 700 656 aes,
734 573 823 664 quod
852 573 896 640 ita
917 573 1161 644 nonrmlli«

120 681 221 770 gaudi
242 679 514 761 ulteriorum,
536 701 657 745 nexum
679 700 735 745 aes
757 676 846 767 apud
859 674 1014 766 antiquos
1036 675 1160 745 dietum

120 806 213 867 esse,
236 783 353 849 Festus
374 782 474 855 tesn’s,
490 790 552 846 est.
579 777 700 845 Unde
721 779 850 860 evenit,
883 790 919 845 ut
938 801 1015 846 mox
1040 792 1161 849 nobum

118 888 308 969 uideretur,
341 885 565 975 quodeunque
593 906 653 971 per
673 902 729 947 aes
750 892 782 946 et
805 880 922 952 libram
948 892 1076 972 gestum
1098 895 1160 949 est.
1239 882 1242 893 '

117 989 157 1059 ld
178 988 268 1057 enim
289 987 378 1077 apud
398 987 531 1053 Festum
556 997 588 1050 et
607 983 696 1073 apud
722 982 905 1053 Varronem
923 983 1077 1068 hveuio,
1103 986 1162 1075 qui

118 1092 261 1165 Gallum.
277 1090 436 1173 Aetium,
472 1087 648 1155 Manilium
683 1097 717 1153 et
735 1085 885 1153 Munium
905 1084 1093 1158 Scaevolam
1118 1089 1163 1155 ita

118 1196 228 1264 dicere
249 1193 409 1260 referunt.
455 1191 521 1256 Per
543 1215 597 1256 aes
620 1201 653 1259 et
673 1189 792 1255 libram
807 1199 915 1257 autem
939 1188 981 1254 id·
995 1191 1065 1278 geri
1081 1189 1162 1256 dioi-

118 1310 186 1381 tar,
207 1297 399 1385 ubieunque
412 1295 503 1369 *alter
517 1295 623 1367 ¹alteri.
641 1294 725 1361 dieis
748 1294 849 1383 gratia
870 1300 1039 1361 nummum
1061 1316 1162 1358 uuum

118 1399 304 1497 appendit,
333 1399 374 1471 ln
399 1382 468 1487 quo
491 1412 611 1486 genere
638 1398 719 1463 baec
739 1396 802 1462 tria
828 1396 1061 1465 nominantur:
1086 1396 1164 1463 nexi

117 1502 220 1584 olatio,
242 1498 527 1589 neni'obligatio,
548 1497 628 1562 nexi
653 1497 817 1563 liberatio.
860 1495 948 1563 Neri
978 1498 1066 1565 (latio
1086 1498 1164 1564 inra-

117 1603 245 1694 ginaria
274 1601 435 1692 quaedam
463 1600 610 1666 venditio
643 1610 715 1683 eet,
747 1623 832 1688 quae
859 1600 1055 1689 mancipatio
1083 1600 1164 1667 diei·

118 1719 185 1781 tur.
229 1704 312 1773 Eam
330 1727 399 1769 rem
416 1702 469 1773 -its
478 1701 554 1776 ,lieri
570 1700 674 1787 Gajus
696 1701 872 1769 describit:
894 1703 1079 1786 „adhibitis
1095 1728 1164 1771 nou

114 1809 229 1877 minua
249 1828 348 1897 quarn
368 1804 518 1895 quinquo
539 1805 678 1873 testibus
704 1805 832 1874 nivibus
856 1807 1001 1873 romanis
1032 1806 1164 1897 puberi-

118 1912 194 1992 bus,
217 1920 250 1983 et
269 1919 437 2000 praeterea
450 1908 517 1975 alio
539 1908 688 1994 eiusdem
711 1908 937 1993 conditionis,
966 1908 1025 1998 qui
1046 1909 1165 1977 libram

117 2037 258 2088 aeneam·
274 2023 414 2094 teneat,¹
430 2011 491 2100 qui
511 2010 696 2099 appellatur
716 2010 900 2099 libripens,
920 2010 964 2090 is,
987 2010 1047 2100 qui
1068 2035 1165 2077 man·

117 2117 208 2207 eipio
227 2114 458 2204 acoipit,.rem
479 2123 616 2195 tenens,
650 2110 696 2183 itu
711 2112 821 2181 olioitr
852 2114 940 2179 bunc
971 2135 1032 2203 ego
1061 2112 1165 2179 bomi-

118 2243 196 2286 nem
224 2240 267 2284 ex
295 2218 326 2303 j.
350 2214 394 2300 Q.
414 2238 523 2280 meum
551 2214 735 2300 esse-ajo,
756 2215 853 2305 isque
884 2215 966 2281 mibi
986 2225 1094 2283 emtus
1115 2226 1165 2281 est

117 2323 183 2388 boe
205 2341 280 2387 aere
295 2340 463 2408 aeneaque
483 2317 581 2393 libra.
626 2315 756 2385 Deinde
774 2342 849 2385 aere
870 2319 1013 2409 pereutit
1033 2318 1164 2399 libram,

120 2422 221 2513 idque
241 2443 298 2489 aes
318 2420 373 2488 dat
395 2421 448 2515 oi,
465 2444 489 2491 -a
511 2412 763 2515 quomauoipio
785 2422 925 2512 aeoipit,
949 2424 1045 2513 quasi
1066 2423 1166 2513 pretii

118 2525 205 2593 loeo.
245 2523 503 2613 liujusgeueris
518 2523 645 2612 species
669 2537 720 2591 e'st
740 2524 1044 2607 testamentilaetio,
1067 2548 1164 2615 qnam

120 2637 250 2716 praeter
268 2626 356 2701 nexi.
370 2625 597 2693 liberationem
621 2625 725 2692 solam
742 2626 861 2693 Festus
883 2628 1043 2713 nominat,
1066 2652 1164 2720 quae·

120 2754 186 2821 que
206 2730 251 2796 ita
272 2727 345 2796 lieri
366 2728 514 2797 solebat:
537 2728 596 2817 qui
615 2729 714 2811 lacit,
742 2728 919 2814 adhibitis,
942 2730 1028 2811 sient
1050 2730 1086 2799 iu
1112 2755 1164 2800 ee·

118 2835 199 2918 teris
214 2829 538 2921 mancipatiouibus,
569 2830 717 2921 quinque
746 2830 886 2899 testibus
908 2832 1036 2899 nivibus
1060 2856 1164 2901 roma·

117 2938 173 3003 uis
194 2935 376 3025 puberibus
409 2943 460 3000 et,
474 2931 684 3022 libripende‚
717 2945 889 3024 postquam
913 2935 1041 3007 ululas
1068 2947 1164 3009 testa·

119 3039 224 3107 menti
245 3036 436 3127 scripserit,
464 3036 628 3126 mancipat
649 3037 750 3105 alicui
777 3037 861 3107 dieis
878 3038 987 3128 -grati'a
1003 3037 1164 3109 ‚familiam

119 3167 225 3213 mm.
279 3141 320 3207 ln
342 3165 406 3230 qua
426 3164 494 3224 fre,
526 3141 721 3236 bisguerbls
743 3141 887 3237 familiae
905 3141 1011 3213 emtor
1037 3141 1162 3209 utitura

119 3247 277 3315 familiam
300 3245 659 3334 pecuniamquetuam-
679 3245 781 3317 eudo·
798 3245 947 3319 mandata
972 3243 1174 3327 ‚tutelaous

119 3349 313 3439 stedelaque
333 3372 405 3414 mea
424 3348 574 3437 recipio,
599 3371 722 3437 eaque,
752 3371 819 3437 quo
841 3360 877 3413 tu
894 3334 972 3434 ¹jure
992 3358 1164 3416 mammen·

119 3464 191 3532 tum
212 3451 321 3518 fauere
341 3437 644 3540 possis‘seeundum
659 3442 772 3540 legem,
786 3449 1057 3540 publicanstoe.
1073 3473 1163 3532 aere,
1224 3531 1228 3542 ι

119 3566 172 3639 et,
214 3565 250 3620 ut
283 3554 417 3645 quidam
445 3554 627 3640 adjiciunt,
662 3577 833 3644 ,aeneaque
862 3553 1049 3623 liturus
1083 3550 1164 3617 mibi

119 3671 241 3750 empta.
294 3657 425 3725 Deinde
452 3681 528 3724 aere
554 3657 696 3746 pereutit
723 3656 864 3748 libram,
893 3648 994 3744 idque
1025 3676 1080 3722 aes
1110 3653 1165 3721 dat

120 3763 268 3830 testatori
300 3762 392 3830 velut
420 3756 520 3852 pretii
554 3762 649 3829 locos
713 3758 851 3848 Majoris
894 3768 1022 3841 autem,
1061 3747 1164 3848 quau·

120 3879 191 3943 tum
226 3867 268 3932 ad
290 3876 440 3932 nostrum
470 3866 695 3956 propositum,
735 3862 893 3930 momenti
923 3871 973 3926 est
1001 3859 1060 3931 illa
1086 3859 1165 3926 nexi

122 3967 293 4058 obligatio.
335 3968 543 4050 Pernoxum
561 3979 669 4035 autem
691 3964 940 4056 obligabantur,
962 3963 1164 4054 quibusmul-¹

122 4094 190 4162 que
211 4070 307 4160 quasi
327 4070 436 4147 mutui,
464 4071 538 4141 loeo
564 4090 719 4139 nummus
750 4091 838 4135 unua
863 4067 1011 4134 dabatur.
1066 4065 1164 4148 Quot

122 4183 227 4247 autem
251 4172 287 4239 in
308 4195 384 4241 uero
401 4174 620 4260 ultumum,
644 4197 686 4243 ex
708 4193 745 4243 ae
763 4172 834 4261 ipsa
855 4171 1015 4253 oriundo,
1044 4192 1110 4260 ¹por
1127 4191 1164 4237 se
