2572 4800
602 256 618 307 't

584 442 630 456 -
681 396 761 476 trs
811 378 882 456 -ἐ

199 620 256 665 sus
281 599 341 665 bos
361 599 523 667 mitiorem
543 599 627 691 legis
644 598 819 667 ‘actionem
846 599 1242 693 constitutamcssalpu·

199 700 460 791 tareiim,'qnia
489 702 576 770 baud
608 702 652 768 ita
679 725 785 791 poene
814 701 906 792 digni
932 702 1247 794 rimbertum-‘quie

198 819 310 874 eontra
331 802 420 894 leges
441 817 474 870 et
499 805 556 892 jus
578 803 697 887 civile,
727 827 823 893 quam
853 804 913 894 qui
943 806 1254 892 adventinum,

198 909 381 975 subsidium
403 908 487 974 illud
510 918 542 973 et
570 906 818 972 fundumentum
849 906 995 973 omnium
1006 908 1240 998 negotiorum,

197 1023 231 1076 et
248 1034 352 1100 paene
374 1010 478 1100 ipsam
507 1033 618 1075 rerum
647 1018 795 1074 naturam
826 1020 1029 1097 peccassent
1051 1046 1058 1064 2
1084 1010 1240 1096 Accedit,

197 1115 287 1204 qnod
316 1126 499 1204 temporum
527 1124 648 1180 tructus
681 1112 727 1179 ad
743 1112 948 1179 clementium
975 1113 1240 1202 aequitatemque

197 1217 345 1307 quotidie
372 1216 568 1307 propensior
593 1215 703 1282 tiebat.
760 1213 856 1281 Unde
890 1214 1026 1296 evenit,
1058 1226 1094 1280 ut
1125 1228 1239 1304 postea

197 1319 271 1409 lege
291 1320 454 1409 quadam,
490 1329 627 1407 excepto
652 1317 799 1404 judicato
829 1328 863 1383 et
885 1340 924 1384 eo
945 1341 1094 1408 proquo
1118 1319 1238 1410 dcperrg

196 1446 270 1488 snm
292 1432 362 1506 est,
399 1422 516 1489 ceteris
547 1420 721 1504 omnibus,
754 1420 950 1510 quibuscum
970 1444 1032 1510 per
1051 1440 1168 1487 munus
1189 1421 1236 1487 in·

190 1524 370 1611 jectionem
392 1522 569 1613 agebatur,
591 1522 852 1613 permitteretur,
888 1521 954 1588 sibi
969 1546 1106 1590 manum
1126 1521 1239 1614 depel-

194 1629 264 1696 lere
286 1638 319 1692 et
338 1648 400 1717 pro
421 1649 587 1715 reagere.
632 1624 725 1708 Quae
746 1634 854 1689 nutem
874 1625 955 1692 baec
972 1624 1028 1692 lex
1047 1626 1163 1707 fuerit,
1185 1646 1238 1692 ra·

195 1728 244 1797 ria
263 1753 305 1796 an
327 1728 456 1819 valgin'l
477 1751 519 1793 sn
539 1727 678 1812 vellejn,
704 1742 747 1792 tn
767 1727 914 1817 aquilia,
945 1750 987 1793 an
1008 1727 1237 1816 pastelir,1is

194 1842 283 1898 tants
304 1831 509 1898 dominorum
527 1829 765 1920 discrepantis,
787 1828 845 1894 ubi
866 1830 1055 1912 facileest,
1077 1854 1139 1919 pro
1158 1836 1236 1917 ura-as⁴

196 1958 326 2025 quaque
347 1946 380 2002 et
406 1933 611 2025 ineptissima
637 1931 795 2023 opinione
823 1932 1047 2000 auctoritatem
1075 1934 1236 2024 quandem

193 2036 343 2105 iuvenire
365 2049 398 2104 et
419 2061 481 2128 pro
498 2061 534 2104 se
555 2036 702 2121 laudere,
722 2036 877 2126 indagare
892 2037 1096 2126 superfluum
1116 2036 1234 2105 babeo.

193 2140 281 2208 lllud
303 2139 386 2207 mibi
405 2139 539 2226 majoris
555 2132 712 2207 momenti
729 2139 872 2221 videtur,
895 2138 983 2229 quod
1003 2151 1035 2204 et
1057 2141 1235 2228 posthanc

193 2243 301 2332 legem
319 2241 485 2328 judicatus
506 2252 539 2322 et
559 2241 606 2326 is,
635 2263 696 2332 pro
725 2263 790 2330 quo
818 2241 999 2330 depensum
1030 2253 1102 2326 est,
1130 2244 1234 2310 vindi

192 2368 264 2420 cem
285 2345 362 2412 dare
383 2342 567 2425 debebant,
596 2354 629 2411 et
658 2343 724 2409 nisi
745 2345 883 2428 durent,
917 2344 1050 2412 domum
1072 2336 1234 2414 duceban-

192 2461 266 2535 tur,
299 2470 384 2538 quae
415 2466 545 2535 semper
575 2445 619 2512 ito
649 2446 924 2530 observabantur,
959 2448 1116 2537 quamdiu
1151 2450 1232 2541 legis

192 2552 336 2620 actiones
358 2549 394 2616 in
416 2552 480 2615 usu¹
500 2559 603 2615 eraut.
655 2550 729 2616 Hoc
757 2550 844 2617 enim
872 2550 967 2617 illud·
987 2563 1078 2618 extru
1104 2576 1232 2620 omnem

192 2652 428 2724 dubitationem
455 2651 561 2741 ponit,
585 2651 673 2740 quod
697 2651 792 2718 initio
813 2653 1102 2743 probarc'operam
1124 2654 1232 2722 studui

192 2783 238 2826 sc.
254 2756 437 2848 judicatum
452 2753 531 2821 boio
549 2753 633 2845 legis
661 2755 782 2843 actioni
807 2755 967 2846 originem
987 2756 1155 2838 dedisse,
1178 2778 1231 2825 ae·

190 2887 256 2956 que
279 2873 393 2930 mutuo
416 2881 485 2926 eam
506 2872 722 2948 comparatam
742 2859 864 2942 inisse,
887 2860 945 2928 sed
966 2858 1056 2927 omni
1071 2860 1229 2947 judicato,

192 2967 269 3058 quis
291 2965 349 3055 qui
377 2962 559 3049 judicatum
587 2963 695 3030 iacere
727 2964 904 3048 detrectat,
936 2985 1042 3054 poena
1061 2964 1228 3053 gravidi·

191 3090 277 3158 gnus
298 3066 440 3146 videtur,
462 3063 548 3130 sieut
568 3075 602 3130 st
617 3066 689 3149 ille,
712 3065 771 3156 qui
789 3067 957 3154 sponsoris
979 3066 1077 3132 fldem
1098 3067 1227 3151 fadus,

185 3169 280 3260 'quod
301 3189 362 3256 pro
384 3166 457 3255 ipso
479 3164 658 3254 depensum
680 3179 752 3251 est,
775 3167 903 3234 solvere
925 3180 1083 3238 moratur,

273 3268 391 3359 Neque
421 3279 529 3334 tamen
550 3270 632 3337 buce
660 3270 745 3361 legis
778 3271 865 3338 ectio
894 3295 1025 3362 semper
1052 3296 1163 3363 nsque
1189 3271 1226 3351 ud

189 3371 356 3438 interitum
378 3370 434 3437 illa
456 3372 649 3454 severitate,
684 3382 717 3438 st
744 3395 849 3462 paene
868 3373 1029 3460 dixerim,
1061 3377 1226 3445 atrocitate

187 3496 314 3565 poenus
334 3472 474 3563 insignis
496 3485 577 3541 erat.
620 3473 721 3557 Anno
736 3474 824 3542 enim
840 3476 911 3543 428
931 3500 965 3543 u.
988 3502 1019 3546 o.
1040 3478 1099 3545 lex
1121 3489 1224 3570 paeto·

187 3576 233 3643 lia
252 3576 317 3642 lata
339 3584 411 3660 est,
441 3596 525 3665 quae
545 3599 613 3644 non
637 3600 757 3643 nexum
779 3588 905 3645 tantum
923 3581 1080 3666 sustulit,
1109 3583 1170 3648 sed
1196 3590 1225 3647 et

49 3735 53 3739 .
187 3702 302 3746 manus
326 3678 537 3767 injectionem
566 3680 678 3769 aliqua
708 3681 866 3771 pristinne
896 3682 1107 3755 immanitatis
1135 3694 1223 3772 pult

187 3782 291 3847 exuit.
344 3779 438 3865 Quae
465 3782 547 3865 lox,
581 3805 683 3872 quum
711 3794 744 3850 et
771 3784 904 3861 maximi
924 3786 1082 3852 momenti
1101 3785 1149 3852 sit
1168 3786 1223 3852 luo

55 3894 59 3901 '
159 3883 224 3952 'iu
244 3883 377 3950 materia
397 3894 431 3950 et
453 3884 609 3951 maximas
631 3887 837 3953 dominorum
862 3888 1100 3956 controversias
1120 3907 1221 3955 move·

187 3985 254 4072 rit,
275 3985 424 4076 longiore
443 3989 650 4156 expositioqp
667 3989 816 4079 indigere
836 3990 978 4057 videtur.

268 4088 357 4155 lllud
380 4112 422 4155 ex
442 4090 606 4179 superiori
652 4113 668 4155 s
697 4091 918 4182 intelligitur,
952 4117 1075 4159 nexum
1093 4109 1223 4183 genere·

169 4188 252 4258 'lem
275 4190 382 4260 civilis
399 4190 611 4282 obligationis
631 4193 767 4263 formam
783 4195 907 4263 tunso.»
933 4188 1218 4286 *Quicunque-igi·
