2572 4800
570 405 853 489 ...eoo..

197 608 475 677 innominatorum
495 609 606 676 indole
632 632 669 675 ac
687 610 848 676 'nutura’²
883 611 938 676 -Iu
963 609 1113 678 mandato
1146 609 1236 677 cuim
1272 687 1277 693 ,

194 714 285 802 'quod
307 714 448 780 mandati
470 714 603 781 nomine
632 712 780 795 dederis,
813 724 947 802 propter
977 737 1097 779 meram
1118 713 1243 801 poeni<

194 815 334 885 ¹tentiam
354 827 502 903 repetere
523 827 556 880 te
584 837 681 904 posse
703 814 859 880 defendit.
919 815 1043 881 Eodem
1069 816 1168 881 modo
1199 815 1233 880 iu

96 992 104 1008 ,
194 917 336 1006 negotiis
360 918 510 987 ,mandati
542 917 729 1003 similibus,
774 915 803 981 ei
835 917 1034 1004 poenitentia
1064 927 1182 997 actus,
1215 938 1233 981 a

195 1030 362 1088 contractu
380 1006 537 1103 recedis,
571 1019 779 1085 condictione
808 1018 860 1084 ol)¹
880 1035 1009 1084 causam
1032 1019 1180 1085 datorum
1201 1029 1234 1085 te

82 1163 85 1168 -
194 1133 344 1208 repetere
390 1123 491 1205 dicit,
541 1121 633 1211 quod
663 1121 735 1206 ejus
778 1123 900 1212 negotii
935 1121 1068 1189 nomine
1100 1121 1231 1188 dedisti.

194 1223 304 1312 Ipsam
323 1237 431 1290 autem
459 1227 542 1290 hanc
568 1223 800 1313 poenitentiam
828 1247 869 1290 ex
891 1227 1006 1290 trorum
1027 1224 1231 1313 negotiorum

196 1348 270 1393 cum
302 1328 451 1393 mundato
486 1327 701 1392 similitudine
735 1325 888 1407 deducit,
918 1350 1020 1415 quum
1049 1326 1123 1411 ejus
1146 1326 1232 1413 juris

193 1430 230 1496 in
250 1426 369 1496 ceter-ie
396 1428 548 1495 omnihus
577 1427 795 1494 contractibus
825 1428 917 1494 uuila'
944 1429 1000 1494 {iat
1031 1428 1166 1493 mentio.
1189 1467 1233 1480 --

194 1530 257 1596 Cui
282 1533 461 1597 sentcntiae
480 1531 571 1601 notio
594 1532 649 1596 iila
673 1531 753 1595 feisa
771 1530 980 1595 fundamento
998 1554 1072 1597 esee
1090 1530 1231 1614 uidetur,

194 1633 289 1721 quani
310 1633 400 1702 utilis
423 1636 465 1699 sit
486 1634 525 1698 P.
549 1633 592 1698 V.
619 1633 703 1704 actio
735 1633 918 1699 nominatae
948 1633 1108 1717 actionis,
1136 1644 1232 1700 etex

193 1735 266 1822 ipsa
295 1726 480 1826 vincatque
508 1736 729 1803 auctoritatem
763 1735 903 1825 ideoque
924 1746 957 1802 et
972 1736 1072 1822 'juris
1102 1736 1231 1827 regulae

194 1837 261 1904 eibi
280 1850 510 1910 muman-1

114 1959 118 1967 ’
210 1933 241 1995 -0
278 1940 390 2007 Tertia
412 1951 518 2007 autem
548 1939 708 2006 sententia
737 1938 778 2004 ab
799 1939 906 2005 Haece
928 1938 1064 2026 juniore
1086 1938 1232 2007 defendi·

193 2056 249 2110 tur
269 2045 303 2110 in
325 2044 443 2111 Museo
465 2046 623 2109 rhenano.
668 2043 729 2108 Jue
752 2041 839 2108 enim
859 2041 1050 2131 poenitendi
1073 2065 1117 2106 ex
1138 2041 1232 2130 depo'·

194 2147 250 2212 niti
276 2143 386 2211 indole
405 2170 442 2211 ac
463 2157 576 2211 natura
605 2145 801 2210 descendere
830 2146 990 2228 affirmat,
1025 2156 1059 2211 et
1089 2144 1163 2211 idco
1197 2144 1230 2207 iu

193 2249 343 2336 deponito
360 2248 647 2325 mntumtinveniri.
659 2283 702 2298 -
722 2247 813 2330 Quae
829 2248 988 2314 sententia
1003 2247 1152 2338 quemvis
1164 2247 1230 2336 pri-

148 2352 151 2356 *
193 2350 308 2417 oribus
324 2351 472 2438 utrinque
493 2374 559 2415 non
571 2350 679 2417 verior
699 2350 870 2416 videatura
892 2361 1033 2417 attamen
1048 2351 1143 2432 ratio,
1167 2372 1230 2438 qua

195 2452 394 2534 defenditur,
420 2462 533 2521 verum
558 2453 678 2517 sentire
699 2463 863 2518 auctorem
887 2453 1060 2518 manifeste
1074 2441 1228 2516 declarat.

194 2555 348 2644 Depositi
371 2555 456 2621 euim
480 2581 549 2624 eam
572 2580 644 2623 esec
666 2569 812 2622 naturum
835 2557 937 2639 dicit,
966 2557 1002 2622 in
1033 2581 1098 2646 quo
1130 2556 1229 2645 depo-

193 2680 277 2723 nere
290 2657 528 2746 depositarium
550 2671 673 2725 tantum
705 2660 851 2750 obliget,
884 2660 1101 2750 depositarius
1122 2671 1229 2727 eutem

195 2758 230 2824 in
263 2758 478 2848 deponentem
506 2762 630 2826 nuliam
660 2763 807 2851 acquirat
841 2764 1012 2828 actionem.
1037 2800 1081 2814 —
1125 2763 1228 2846 Quam

193 2862 352 2929 rationem
372 2863 448 2952 quie
481 2887 548 2930 uon
574 2865 681 2932 uideat
707 2888 908 2932 communem
932 2866 1086 2932 esec-toti
1107 2865 1227 2957 obliga·

190 2963 329 3040 tionum.
353 2967 487 3056 generi,
515 2991 605 3056 quae
636 2991 677 3033 ex
703 2992 739 3033 re
768 2970 883 3034 tradite
912 2967 1041 3033 initium
1074 2968 1227 3058 capiunt?

194 3067 372 3148 Recenim
394 3070 530 3136 traditae
551 3094 611 3158 per
631 3092 667 3135 ee
689 3071 791 3159 ipsum
815 3072 1027 3159 accipientem
1048 3070 1173 3160 obligat
1188 3068 1226 3134 ad

193 3172 391 3249 reddendam
413 3198 482 3240 rem
504 3175 638 3239 eandem
666 3185 722 3238 aut
752 3174 847 3238 eiiam
875 3174 1022 3261 ejusdcm
1046 3173 1177 3262 generis
1198 3181 1227 3237 et

193 3275 395 3364 quantitatis.
424 3319 429 3325 -
468 3276 572 3359 eram
604 3277 855 3365 obligationem,
883 3275 986 3342 voluti
1013 3299 1044 3341 e.
1077 3290 1111 3364 g.
1146 3299 1225 3358 cam,

193 3402 278 3469 qnae
301 3402 342 3442 ex
362 3387 474 3444 mutuo
496 3380 619 3459 oritur,
642 3381 866 3447 nniiatcraiem
889 3402 961 3445 cese
983 3377 1128 3459 scimus,
1148 3376 1172 3444 i.
1195 3400 1223 3442 e.

194 3506 235 3549 ex
256 3482 356 3553 altera
378 3492 500 3546 tuntum
522 3495 613 3571 purte
642 3484 842 3563 consistere,
871 3481 919 3546 'ita
946 3480 1072 3570 utqui
1105 3479 1226 3568 aceepit

194 3585 284 3650 denti
306 3593 433 3657 tautum,
451 3584 636 3674 obligetur,
668 3594 775 3675 neque
808 3584 903 3650 ambo
925 3583 1155 3654 invicemeibi
1174 3583 1225 3646 de·

192 3685 303 3753 beant.
333 3747 336 3752 ,
364 3685 455 3768 Quae
491 3711 587 3752 cauea
623 3699 655 3753 et
674 3687 833 3761 ,conditio
853 3699 903 3753 eet
933 3687 1162 3764 condictionis.
1185 3721 1226 3735 -

137 3840 138 3843 ,
193 3787 258 3853 Rei
280 3790 371 3854 datae
393 3801 498 3854 antem
521 3790 675 3856 accedere
692 3801 800 3880 potest
819 3800 947 3879 pectunt
966 3790 1020 3856 uel
1042 3788 1225 3868 conventio,

128 3887 145 3916 '
193 3912 300 3978 quae,
323 3890 470 3978 quc-sub
491 3892 563 3982 lege
584 3893 697 3974 detur,
722 3893 857 3974 indicet,
899 3893 973 3958 Hoc
993 3915 1073 3960 caen
1095 3893 1153 3982 qu'i
1176 3890 1226 3956 de·

194 3993 265 4073 dit,
296 4015 363 4058 non
385 4016 422 4060 ca
444 4018 539 4061 causa
560 3996 674 4079 dedit,
704 4009 740 4062 nt
757 4008 832 4088 poet
854 4008 982 4067 certum·
999 4007 1131 4087 tempus
1156 4018 1226 4063 ean·

193 4093 267 4159 dem
290 4117 369 4166 ,rem
402 4108 458 4161 aut
488 4099 583 4167 elium
617 4103 774 4195 ejusdem
795 4099 924 4192 generis
958 4111 990 4164 et
1024 4099 1226 4189 quantitatis,

193 4207 250 4263 ant
270 4197 414 4287 denique
433 4200 524 4271 iilius
546 4205 885 4299 pretium=..·r'eciuorct,
913 4201 972 4274 ced
992 4203 1108 4292 potius
1129 4213 1165 4271 ut
1183 4201 1227 4268 al·
