2572 4800
549 388 828 463 -l‘l2-

177 613 232 656 sac
253 599 452 679 sequuntur,
474 609 538 653 una
561 602 668 654 autem
690 591 847 679 petitione
865 613 978 657 omncs
992 614 1108 658 causae
1126 607 1211 659 co'm·

176 691 433 779 prebenduutur.
479 690 632 781 Singulas
658 707 762 757 autem
787 716 898 760 causas
922 705 954 760 ct
975 696 1124 761 formulis
1146 721 1212 762 me·

176 793 241 858 lius
265 793 408 873 includi,
430 803 463 857 ct
483 791 523 857 ab
547 816 612 856 uuo
629 793 743 878 judice
766 794 882 860 melius
905 797 1077 882 dijudicari
1101 822 1213 887 posse,

176 897 381 962 manifestum
404 907 465 960 cst.
521 894 588 960 Ubi
610 918 687 959 vcro
709 894 849 961 liberum
875 898 1046 963 arbitrium
1067 922 1215 966 necessa·

176 995 261 1061 riurn
283 1007 354 1078 est,
379 996 425 1060 ibi
444 1006 478 1061 ct
497 996 699 1061 commodius
721 1009 754 1061 ct
774 998 884 1095 tutius!
898 1012 960 1083 est,
981 1001 1015 1066 in
1038 1002 1143 1089 majus
1156 1003 1213 1091 ju·

175 1098 351 1164 dicentium
383 1097 558 1186 collegium
581 1122 648 1162 reru
673 1099 805 1164 deduci.
864 1100 985 1168 Postea
1003 1127 1103 1185 vero,
1130 1115 1212 1171 tem·

174 1202 494 1290 pure'procedente,
529 1224 569 1266 eo
603 1225 656 1266 res
678 1203 833 1291 perducta
856 1216 925 1287 est,
963 1217 1000 1271 ut
1020 1207 1060 1271 de
1081 1206 1123 1271 iis
1144 1219 1213 1274 tan·

174 1315 244 1370 tam
267 1304 365 1369 rebus
387 1327 447 1392 per
467 1317 701 1369 sacramentum
727 1306 813 1395 apud
834 1305 951 1372 Cviros
972 1322 1144 1397 ageretur,
1177 1311 1212 1376 in

174 1406 366 1496 qnibns'de
399 1418 662 1471 testamentorum
694 1420 835 1471 ratorum
866 1420 922 1474 aut
949 1422 1119 1498 ruptorum
1136 1411 1214 1499 jure
1275 1408 1278 1412 ’

175 1509 413 1599 quaerebatur,
444 1508 571 1597 reliqua
601 1532 698 1591 vero,
730 1526 833 1598 caque
856 1509 952 1596 longe
973 1512 1112 1576 maxima
1137 1537 1210 1603 pars

172 1613 336 1679 actionum
358 1612 394 1677 in
415 1634 484 1677 rem
505 1611 546 1675 ab
571 1634 635 1675 uuo
655 1611 768 1696 judice
791 1612 1048 1697 dijudicaretur,
1069 1615 1209 1704 primurn

174 1716 307 1805 quidem
327 1737 390 1803 per
422 1713 630 1803 sponsionem
655 1709 748 1778 illam
776 1715 1064 1801 praejudicialem,
1092 1717 1211 1783 deinde

173 1841 250 1884 vern
272 1841 333 1907 per
354 1817 525 1881 formulam
542 1816 717 1896 directam,
741 1839 824 1904 quae
845 1818 996 1906 petitoria
1014 1830 1127 1885 vocata
1149 1830 1208 1885 est.

173 1921 271 2004 Quod
293 1920 362 1999 illa,
386 1942 471 2010 quae
492 1942 590 2006 supra
613 1919 704 1998 dixi,
727 1941 793 1982 non
822 1920 918 1985 modo
942 1943 1006 1986 non
1028 1922 1209 2011 impugnat,

173 2026 232 2091 sed
264 2023 432 2091 conlirmat
470 2022 592 2111 potius.
648 2020 832 2115 Fortunlau¹
850 2023 960 2105 euim,
996 2023 1062 2089 nisi
1091 2033 1209 2088 mutata
1259 2070 1263 2075 -

170 2126 264 2218 prius
285 2124 422 2192 dominii
445 2123 660 2212 quaestione,
683 2133 716 2187 et
737 2122 771 2186 in
793 2124 1013 2210 pecuniariam
1036 2125 1207 2205 actionem,

172 2229 418 2308 transformata,
445 2223 657 2291 vindicationi
687 2226 921 2291 accommodari
951 2249 1018 2292 non
1046 2251 1145 2317 posse
1165 2227 1207 2293 ri·

172 2331 344 2396 debentur.
391 2329 501 2412 Quum
524 2339 631 2392 autem
653 2338 785 2415 postea,
814 2329 944 2417 vigente
967 2329 1036 2416 jam
1059 2327 1207 2419 petitoria

172 2430 229 2499 illa
252 2432 374 2498 directa
394 2430 547 2513 formula,
576 2430 666 2494 nulla
690 2430 831 2518 amplius
853 2431 926 2497 telis
948 2432 1092 2499 fictionis
1114 2432 1207 2501 vesti·
1236 2420 1244 2447 ‘

174 2536 227 2626 gia
251 2536 445 2619 existerent,
477 2535 506 2600 is
528 2544 636 2598 tamen
659 2534 877 2622 personalium
898 2536 1061 2601 actionum
1086 2560 1159 2603 mos
1179 2547 1208 2604 ct

172 2639 207 2704 in
229 2637 502 2703 vindicationibus
523 2659 653 2725 semper
674 2634 925 2720 observabatur,
948 2648 984 2703 ut
1004 2638 1207 2727 pecuniariae

171 2738 435 2805 condemnationi
456 2762 586 2829 semper
617 2737 885 2822 includerentur,
917 2740 1011 2828 prius'
1031 2753 1141 2808 tamen
1162 2766 1207 2833 ar·

170 2841 270 2908 bitrio
287 2842 393 2928 judici
416 2842 491 2908 dato
512 2841 557 2906 dc
575 2864 610 2905 re
632 2842 703 2930 ipsa
724 2842 935 2907 restituenda.
978 2842 1207 2911 Diversissimr

169 2956 277 3010 autern
304 2957 335 3010 et
357 2969 466 3028 nuuc,
497 2943 586 3021 omni
606 2944 669 3008 alia
692 2944 879 3049 differentip
894 2945 1041 3030 sublata,
1065 2948 1206 3015 vindice·

169 3048 270 3113 tionis
298 3058 332 3112 et
359 3047 573 3114 condictionis
605 3047 747 3136 (constat
781 3047 867 3112 enim
903 3048 938 3113 in
967 3073 1037 3115 rem
1063 3052 1205 3117 actiones

169 3151 420 3232 vindicationes,
442 3151 475 3214 iu
499 3173 670 3238 personam
691 3174 769 3216 vcro
793 3152 1015 3218 condictiones
1035 3154 1206 3244 appellari)

169 3253 309 3319 formula
346 3265 378 3318 et
405 3254 594 3342 praesertim
617 3255 778 3336 intentio,
808 3254 852 3341 'in
883 3279 948 3344 qua
979 3256 1085 3322 omnis
1105 3257 1204 3324 totius

171 3355 330 3421 formulae
353 3357 402 3421 vis
427 3367 589 3423 contracta
610 3356 750 3426 ridetur.
802 3355 841 3422 Si
870 3358 957 3423 euim
986 3359 1021 3423 in
1042 3382 1112 3424 rem
1134 3382 1203 3451 aga·

167 3474 264 3541 mus,
297 3459 342 3523 ita
379 3459 599 3524 intendimuse
647 3459 711 3541 „si
739 3470 832 3546 parat
863 3460 1036 3525 bominem·
1059 3485 1100 3527 cx
1129 3461 1203 3549 jure

169 3562 349 3647 Quiritium
376 3562 440 3626 At..
465 3562 521 3626 At.
545 3561 664 3645 csse'’;
694 3561 824 3635 sivero
859 3563 893 3627 iu
919 3586 1111 3651 personam,
1141 3563 1201 3629 itae

168 3665 227 3747 „si
248 3676 339 3754 paret
359 3664 434 3730 Nm.
453 3665 529 3732 Nm.
550 3665 615 3729 Ao.
626 3652 744 3743 ,ΑοζΧ
765 3663 840 3730 darc
863 3666 1046 3754 oportere”,
1068 3663 1122 3731 sel
1142 3663 1201 3733 itae

173 3768 362 3857 „quidquid
384 3780 476 3859 paret
507 3767 583 3834 Nm.
607 3766 684 3831 Nm·
706 3767 772 3830 Ao.
794 3767 860 3831 Ao.
883 3768 960 3832 dare
983 3769 1090 3834 facere
1112 3770 1204 3856 opot-

167 3871 279 3936 tere'’.
326 3870 382 3967 Sic
404 3873 514 3961 itaque
537 3868 876 3969 discretisssormulis,
907 3893 1042 3936 necesse
1063 3868 1203 3950 videtur,

168 3971 257 4037 nude
285 3971 376 4061 ipsae
397 3975 556 4065 originem
580 3973 725 4052 trabant,
743 3972 934 4038 *accuratius
955 3972 1134 4039 illustrare.
1151 3968 1202 4036 ,Ε

24 4136 27 4142 .
164 4090 205 4137 re
227 4084 334 4139 autern
355 4075 437 4158 erit,
460 4099 478 4140 a
498 4071 729 4141 vindicationis
750 4073 890 4141 formula
913 4075 1072 4166 incipere,
1095 4095 1203 4166 quam·

166 4175 217 4242 ris
238 4188 384 4268 tenpore
404 4177 448 4243 sit
467 4181 642 4269 posterior.
665 4214 709 4229 -
737 4173 766 4241 E
793 4178 882 4266 Gajo
911 4177 1105 4263 didicimus,
1133 4173 1202 4267 qni·

323 4496 414 4570 *x
