2572 4800
507 375 685 462 -tus
738 414 789 446 a

122 582 223 665 testi
233 594 334 684 igitur
354 591 446 659 ocris
463 602 496 657 et
524 574 670 655 deliiti
693 580 851 677 J'ndicotis
872 588 975 656 XXX
1003 588 1072 658 dies
1094 586 1172 657 sun't

121 699 226 780 doti,¹
235 695 476 835 conquirendae
498 691 707 782 pecuniae
735 714 845 775 conso,
879 708 1000 784 quoni
1015 694 1172 761 dissol-

123 800 314 865 ‘verent'’
356 797 473 887 Neque
488 807 595 861 tumen
614 795 694 859 hoec
710 797 816 885 gravis
833 796 1021 879 difficultas
1030 796 1170 862 ridetur'.

124 901 279 967 Primum
302 902 390 968 enim
414 898 500 964 illud
521 896 708 963 consideres
730 897 827 1018 volo,
858 899 1026 965 debiturn
1022 922 1093 993 uon
1115 922 1172 1006 pc·

123 1005 246 1071 cunire
273 992 397 1069 tontum
431 1000 598 1089 intelligi,
628 1000 701 1065 sed·
719 1002 947 1092 cujuscunque
969 1000 1052 1086 rei,'
1075 1024 1173 1093 quom

129 1109 201 1174 dori
222 1118 362 1195 oportet.
407 1105 446 1171 ld
467 1115 574 1170 tomen
603 1105 714 1194 negari
737 1105 873 1194 nequit,
909 1106 1081 1194 pecuniom
1104 1127 1172 1170 soc·

122 1210 267 1305 pissime
287 1209 423 1292 deberi,
445 1232 509 1298 quo
527 1207 653 1273 ratione
671 1209 759 1273 forte
780 1208 903 1274 ductus
922 1208 1051 1304 Gellius
1073 1233 1172 1298 pecu·

131 1300 239 1396 nitro,
263 1314 366 1378 instor
385 1313 530 1377 omnium
559 1320 689 1392 rerum,
719 1322 833 1398 posteo
857 1312 1055 1396 nominarit}
1072 1313 1173 1378 'sorte

122 1430 164 1484 *et
184 1417 432 1484 consuetudinis
455 1404 673 1503 sequentium·
685 1400 870 1502 temporum
889 1436 1036 1495 memor,
1050 1414 1173 1503 quibus

121 1526 259 1587 'ornnem
279 1517 582 1585 condemnationem
604 1515 644 1579 od
657 1517 816 1603 pecunire
831 1540 989 1581 summum
1010 1518 1172 1583 redactum

128 1634 203 1689 csse
215 1620 395 1711 oportebat.
425 1619 536 1684 Possit
551 1617 737 1707 uliquis,‘et
748 1620 835 1683 haud
850 1620 1071 1702 siner-atione,
1088 1621 1173 1711 irog-

126 1735 274 1790 mentum
293 1723 378 1788 illud
399 1720 534 1810 Ulpiani
554 1718 741 1804 nonium,
766 1745 832 1810 quo
854 1723 955 1787 dicit:
987 1723 1172 1812 „pecuniae

76 1832 81 1836 ’
128 1828 266 1894 verbum
289 1848 355 1892 non
381 1825 488 1891 solum
509 1835 710 1890 numerotam
732 1826 906 1914 pecuniom
929 1825 1171 1917 complectitur,

124 1953 240 1996 verum
257 1950 391 1995 ‘ornnem
413 1926 609 2044 pecnnirm,
632 1927 694 1991 hoc
717 1938 767 1991 est
787 1928 895 1992 omnio
916 1934 1079 2016 corporsJ'
1097 1950 1172 1995 nom

120 2056 266 2125 corporo
291 2055 423 2122 quoqne
444 2029 603 2118 pecuniae
626 2027 846 2125 appellatione
869 2030 1053 2114 contineri,
1076 2053 1172 2097 nemo

124 2134 257 2223 estqui
279 2133 455 2222 ambiget?²
477 2130 516 2220 (l.
540 2130 618 2196 178.
642 2129 687 2193 D.
714 2130 820 2196 dell.
843 2132 907 2224 J..)

173 2235 267 2300 Sit
289 2236 401 2325 igitur
411 2233 495 2298 illud
523 2231 620 2297 nobis
651 2233 844 2351 probatum,
880 2235 1060 2325 unicuique
1068 2237 1172 2323 judi·

122 2349 206 2404 erto
223 2337 291 2403 sire
311 2338 461 2402 domnrto
483 2358 596 2401 manns
618 2333 769 2420 injicere,
791 2337 880 2427 leges
901 2338 968 2410 Xll
989 2339 1173 2404 tubulorum

120 2439 330 2531 permisisse.
385 2439 481 2506 Unde
509 2461 598 2502 nunc
619 2437 682 2502 olio
715 2440 820 2505 oritur
848 2444 1017 2530 quaestio.³
1066 2443 1174 2532 Supra

126 2543 218 2609 enim
248 2542 408 2632 pluribus
429 2541 590 2630 exemplis
622 2543 846 2626 ostendimus,
889 2545 1050 2609 creditum·
1073 2570 1172 2634 pecu·

122 2649 216 2714 nlorn
236 2647 381 2735 antiquis
413 2660 480 2709 non
514 2645 627 2710 eodem
657 2644 772 2710 ordine
802 2647 944 2712 hobitum
977 2671 1074 2730 esse,
1106 2670 1173 2737 quo

115 2760 255 2818 'ceterae
269 2748 512 2849 obligationes,
543 2747 603 2810 sed
618 2746 769 2811 omnibus
785 2751 1029 2845 praecelluisse.
1075 2751 1174 2834 Quod

114 2853 263 2945 ‘quidem
296 2875 335 2917 eo
362 2834 482 2916 frictum
513 2870 584 2914 esse
609 2848 742 2936 quidum
764 2853 930 2917 domiui
920 2880 954 2918 ιιι
979 2855 1056 2939 jure
1084 2854 1170 2918 celri-

120 2968 272 3038 trontur,
303 2955 391 3044 quod
411 2955 552 3022 creditae
580 2953 739 3042 pecuniae
758 2954 915 3041 judicatis
939 2957 1046 3021 solis
1040 2962 1172 3020 manum

123 3060 288 3146 injicere,
309 3072 441 3147 eosque·
456 3046 589 3123 domum
607 3057 810 3123 deducere
800 3082 835 3125 ιιι
858 3059 1054 3151 ιιιιίιιιιιειιι
1071 3059 1173 3125 lieuc'·

121 3165 184 3230 rit.
228 3161 334 3229 Nobis
352 3152 483 3244 sutem,
520 3161 578 3250 qui
596 3162 659 3227 hoc
682 3161 715 3228 in
740 3161 910 3228 universus
929 3163 1093 3250 judicatos
1115 3163 1193 3228 nlu-

121 3267 267 3336 tinuisse
286 3265 430 3346 scimus,
460 3265 524 3331 ulia
553 3265 634 3331 ratio
666 3266 830 3331 reddendo
858 3278 930 3351 est·
964 3267 1114 3354 huncque
1136 3267 1172 3332 in

120 3397 166 3440 co
200 3369 340 3460 positam
367 3369 528 3448 orlrrtror,
566 3368 654 3457 quod
681 3369 822 3434 creditne
853 3367 1012 3456 pecuniae
1039 3369 1173 3456 potissi·

119 3497 217 3540 snum
241 3473 324 3561 legis
347 3470 445 3537 octio-
451 3492 513 3559 per
533 3471 773 3536 condictionem
789 3476 972 3561 comparata
992 3480 1072 3537 erati
1107 3472 1172 3536 Cui

118 3598 205 3644 vero
222 3563 407 3641 condictum
429 3573 532 3639 semel
554 3584 641 3656 crrt,
664 3597 757 3659 enm,
792 3575 821 3639 si
843 3586 925 3641 stetu
949 3576 1003 3640 die
1023 3576 1065 3639 od
1082 3562 1171 3661 judl'-

119 3704 198 3748 cern
219 3670 449 3765 accipiundum
480 3701 546 3743 non
575 3677 709 3761 oderot,
743 3688 806 3767 pro
844 3680 995 3744 conl'esso
1023 3677 1172 3744 hobitum

121 3803 202 3847 esse
224 3803 323 3868 supra
344 3781 485 3847 ostendi.
541 3781 722 3848 Confessus
742 3796 821 3849 r'cro
852 3804 912 3870 pro
937 3780 1085 3867 judicato
1108 3792 1170 3848 est.

122 3883 228 3950 Unde
249 3883 412 3972 sequitur,
434 3882 651 3950 condictionis
672 3885 878 3950 commodum
909 3883 944 3949 in
968 3909 1007 3951 eo
1027 3868 1174 3979 positum

121 4009 224 4070 esse,
246 3995 282 4050 ut
304 3986 339 4050 in
361 3986 529 4077 enm,-qui
550 3988 754 4055 condictioni
776 4002 844 4054 uun
864 3988 1040 4075 paruisset,
1056 3988 1171 4055 'statim

119 4114 245 4157 munus
275 4091 409 4177 injectio
439 4092 580 4160 daretur.
641 4094 759 4159 Postea
791 4091 925 4181 quidem
955 4089 1172 4159 condictionis

123 4196 217 4263 actio
248 4218 266 4260 ιι
300 4205 411 4262 mutuo
432 4197 570 4286 pecunia
602 4197 644 4263 od
678 4217 909 4287 quamcunque
934 4205 1069 4263 certum
1102 4215 1172 4262 rem
