2572 4800
524 344 679 427 ³31
733 390 783 410 ...-

129 554 224 639 Quae
264 550 397 642 quidem
420 550 531 641 prima
564 546 795 616 rausa'fuisse
829 547 957 615 videtur
988 548 1175 618 deminutae

126 668 244 746 postea
265 655 465 741 auctoritatis
483 651 784 743 magnitudinisque
801 651 893 718 iltius
909 650 1043 737 judieii.
1076 654 1175 736 Quod

127 771 166 825 ut
194 758 279 825 bene
309 759 531 847 intelligatur,
566 755 798 843 necessarium*
819 755 967 837 videtur,
1000 778 1103 846 panea
1132 758 1175 825 de

127 861 214 953 legis
234 860 362 940 actione
380 859 587 950 perljudieis
616 858 870 948 postulationem
892 868 924 924 et
946 859 986 924 de
1007 859 1174 949 formulis,

128 964 273 1055 quibus,
305 963 443 1028 sublatis
471 963 556 1052 legis
578 961 787 1043 actionibus,
815 960 957 1026 Romani
983 962 1174 1048 utebantur,
1241 972 1246 977 '

127 1068 303 1135 disserere.
320 1110 323 1115 ,
342 1066 387 1131 >ld
409 1064 701 1154 exsuperioribus
723 1063 789 1129 bue
815 1063 988 1146 transfero,
1008 1064 1071 1130 snb
1093 1090 1174 1156 pon-

127 1152 255 1237 tificum
274 1169 382 1239 adbuo
400 1167 634 1256 jurisdictione
656 1189 716 1255 per
739 1165 845 1254 legem
868 1153 1027 1254 pinariam
1052 1168 1175 1237 foetum

127 1296 214 1355 esse,
236 1285 272 1337 ut
295 1296 380 1337 unus
401 1270 508 1359 judex
540 1269 581 1334 ad
611 1268 759 1357 singulas
781 1267 858 1334 lites
890 1267 1033 1333 daretur.
1077 1271 1175 1341 Unde

126 1387 196 1443 orte
219 1389 270 1442 eat
291 1399 374 1441 nova
396 1372 482 1462 degis
504 1370 610 1450 aetio,
648 1371 706 1435 illa
733 1393 781 1435 se.
806 1392 867 1457 per
882 1369 1008 1456 judicis
1029 1374 1173 1461 postulo·

127 1479 271 1560 tionem,
294 1503 360 1568 qua
381 1475 523 1566 'quidem
545 1496 606 1562 per
633 1471 742 1561 legem
762 1471 920 1538 albutium
962 1485 995 1539 et
1017 1475 1097 1540 duas
1116 1475 1173 1559 ju·

111 1580 188 1664 ¹lias
214 1582 358 1661 sublata,
377 1577 504 1666 judicis
535 1587 643 1640 tamen
666 1574 753 1640 datio
782 1576 970 1643 remanebat
993 1587 1029 1643 ut
1050 1578 1172 1666 priuci-

125 1683 219 1772 pium
243 1685 559 1767 fundamentumque
587 1676 687 1741 totius
720 1701 906 1764 processus.
957 1678 1094 1745 Praetor
1117 1705 1172 1746 au·

126 1801 195 1852 tem
219 1787 311 1876 ipse,
345 1780 488 1850 formula
521 1779 616 1877 data,
650 1779 798 1866 judicem
829 1805 847 1844 a
873 1805 910 1846 se
932 1782 1042 1850 datum
1063 1784 1173 1852 aridio·

122 1900 237 1955 tumve
269 1912 333 1978 qua
366 1888 406 1953 de
438 1909 474 1952 re
502 1894 674 1980 ageretur,
713 1884 904 1973 quibusque
933 1887 1056 1976 regulis
1083 1889 1172 1974 juris

122 1989 199 2080 ipsa
221 1978 403 2081 regeretur,
426 1984 637 2054 informabat.
684 1983 749 2051 Sed
765 1985 808 2050 ita
819 1998 943 2053 tanatum
968 1989 1114 2057 actiones
1137 1994 1171 2060 iu

122 2117 321 2184 personam3
355 2092 431 2158 illas
463 2089 550 2176 enim
581 2087 615 2152 in
645 2109 715 2152 rem
737 2099 770 2152 et
790 2089 831 2153 de
852 2112 1064 2178 personarum
1086 2105 1171 2161 statu

121 2196 330 2288 praejudicia
359 2218 378 2260 a
405 2192 530 2260 Cvirali
554 2191 684 2280 judicio
718 2215 849 2282 semper
877 2192 1053 2280 dijudicata
1083 2221 1170 2282 esse,

122 2301 223 2367 toties
251 2309 400 2389 repetere
433 2320 537 2387 paene
571 2297 774 2412 superfluum
806 2308 867 2362 est.
905 2338 956 2353 ·--
997 2299 1170 2370 Formulae

122 2428 239 2472 omnes
262 2403 297 2468 in
327 2424 501 2491 personam
535 2409 650 2483 erant,
683 2411 716 2466 et
739 2400 839 2466 dare
865 2400 1010 2470 faeere
1030 2405 1170 2471 alterum

122 2508 207 2600 quid
236 2509 408 2596 oportere,
442 2504 667 2571 intendebant.
722 2504 762 2569 ln
785 2528 853 2571 rem
875 2527 953 2570 vero
974 2506 1056 2574 adeo
1078 2509 1170 2575 nulla

119 2609 393 2699 concipiebatur,
422 2617 460 2673 ut
482 2621 616 2697 postea,
642 2631 744 2697 quum
767 2607 803 2672 id
824 2613 999 2697 ageretur,
1038 2621 1076 2674 ut
1104 2611 1188 2705 fon·

118 2714 285 2782 mularum
307 2710 513 2779 commodum
538 2722 570 2777 et
599 2712 633 2776 in
656 2734 725 2776 rem
752 2710 937 2783 actionibus
958 2712 1168 2802 participare·

119 2829 196 2900 tur,
219 2816 314 2883 nullo
336 2813 469 2905 penitus
497 2812 562 2879 alio
583 2813 680 2878 modo
703 2814 737 2879 id
760 2813 834 2881 fieri
862 2837 960 2904 posse
985 2816 1166 2904 videretur,

119 2944 221 3011 qnam
243 2919 316 3007 ipsa
336 2919 371 2984 in
394 2941 464 2983 rem
491 2917 620 2984 actione
641 2917 734 3006 prius
766 2917 800 2981 in
833 2908 1039 3005 personalem
1067 2923 1167 2989 aetio·

116 3048 197 3091 nem
220 3023 459 3089 transformata.
503 3021 542 3087 ld
570 3021 734 3111 quomodo
762 3022 885 3088 factum
910 3020 979 3115 sit,
1009 3046 1098 3090 nune
1119 3024 1166 3092 vi·

118 3128 269 3194 deamus.
316 3125 383 3209 Qui
415 3125 581 3190 bominem
604 3147 700 3189 suum
721 3147 794 3191 esso
814 3125 978 3215 petiturus
1000 3138 1088 3213 erat,
1110 3133 1165 3198 ad·

116 3229 300 3301 versarium
328 3229 387 3295 tali
421 3229 599 3317 sponsione
630 3228 848 3317 provocabata
883 3231 940 3311 „si
963 3232 1075 3315 bomo,
1098 3259 1166 3324 quo

117 3333 294 3423 derigitur,
319 3355 361 3398 ex
376 3332 454 3420 jure
472 3330 650 3416 Quiritium
671 3355 763 3397 meos
782 3342 845 3415 est,
878 3334 1046 3400 sestertios
1062 3335 1165 3404 XXV

117 3458 273 3503 nummos
288 3435 365 3501 dare
386 3435 528 3526 spondes
539 3422 575 3500 ‘i'’
618 3433 749 3500 Deinde
770 3435 867 3502 aliam
888 3437 956 3503 edit
976 3439 1163 3526 formulam,

117 3562 185 3631 qua
208 3538 371 3622 intendit,
404 3537 594 3628 sponsionis
621 3561 780 3620 summam
804 3538 869 3605 sibi
891 3540 967 3608 dare
991 3556 1162 3632 oportere3

116 3666 183 3733 qua
207 3641 347 3707 formula
368 3642 412 3707 ito
435 3642 565 3707 demum
589 3641 734 3710 victurus
755 3653 818 3726 est,
842 3643 871 3710 si
890 3644 1076 3735 probaverit
1095 3671 1163 3715 rem

115 3732 211 3811 suam
236 3769 321 3811 esse.
367 3743 437 3811 Nee
459 3754 567 3810 tamen
589 3746 669 3811 haee
692 3765 817 3811 summa
851 3745 1040 3835 sponsionis
1061 3748 1162 3840 exigi·
1229 3794 1241 3807 a

112 3860 191 3934 tur3
223 3871 291 3913 non
329 3846 417 3913 enim
446 3848 597 3937 poenalis
631 3860 700 3930 est,
745 3848 804 3916 sed
834 3849 1099 3938 praejudicialis,
1131 3865 1164 3919 et

113 3964 254 4043 propter
267 3953 338 4046 boe
361 3951 468 4016 solum
490 3953 545 4037 fit,
582 3963 618 4018 ut
645 3977 708 4041 per
739 3976 808 4019 eam
841 3951 882 4018 de
903 3975 939 4017 re
969 3952 1161 4040 judicetur:

114 4055 203 4120 uude
226 4056 323 4119 etiam
347 4053 399 4135 is,
440 4078 514 4121 enm
539 4081 606 4148 quo
635 4061 765 4148 agitur,
798 4079 858 4145 pro
888 4054 1007 4144 praede
1035 4057 1106 4123 litis
1131 4071 1164 4126 et

73 4156 331 4275 ,vindiciarum
368 4158 513 4224 satisdat.
580 4161 662 4233 lude
690 4172 798 4227 autem
827 4161 989 4250 appellata
1023 4173 1075 4227 est
1102 4185 1164 4251 pro
