<?xml version="1.0" encoding="UTF-8"?>
<!DOCTYPE html PUBLIC "-//W3C//DTD XHTML 1.0 Transitional//EN"
    "http://www.w3.org/TR/xhtml1/DTD/xhtml1-transitional.dtd">
<html xmlns="http://www.w3.org/1999/xhtml" xml:lang="en" lang="en">
 <head>
  <title>
</title>
<meta http-equiv="Content-Type" content="text/html;charset=utf-8" />
  <meta name='ocr-system' content='tesseract 3.04.00' />
  <meta name='ocr-capabilities' content='ocr_page ocr_carea ocr_par ocr_line ocrx_word'/>
</head>
<body>
  <div class='ocr_page' id='page_1' title='image "./deromanorumjudi00bachgoog/deromanorumjudi00bachgoog_0115.png"; bbox 0 0 2572 4800; ppageno 0'>
   <div class='ocr_carea' id='block_1_1' title="bbox 554 401 833 479">
    <p class='ocr_par' dir='ltr' id='par_1_1' title="bbox 554 401 833 479">
     <span class='ocr_line' id='line_1_1' title="bbox 554 401 833 479; baseline 0 0"><span class='ocrx_word' id='word_1_1' title='bbox 554 401 833 479; x_wconf 80' lang='lat' dir='ltr'><strong>-flO-</strong></span> 
     </span>
    </p>
   </div>
   <div class='ocr_carea' id='block_1_2' title="bbox 109 604 1220 2446">
    <p class='ocr_par' dir='ltr' id='par_1_2' title="bbox 109 604 1220 2446">
     <span class='ocr_line' id='line_1_2' title="bbox 168 604 1212 698; baseline -0.003 -20"><span class='ocrx_word' id='word_1_2' title='bbox 168 619 220 678; x_wconf 86' lang='lat' dir='ltr'><strong>est</strong></span> <span class='ocrx_word' id='word_1_3' title='bbox 241 607 339 692; x_wconf 69' lang='lat' dir='ltr'><strong>erif’,</strong></span> <span class='ocrx_word' id='word_1_4' title='bbox 361 628 445 698; x_wconf 86' lang='lat' dir='ltr'><strong>quac</strong></span> <span class='ocrx_word' id='word_1_5' title='bbox 467 606 563 675; x_wconf 85' lang='lat' dir='ltr'><strong>verba</strong></span> <span class='ocrx_word' id='word_1_6' title='bbox 585 617 663 672; x_wconf 91' lang='lat' dir='ltr'><strong>snut</strong></span> <span class='ocrx_word' id='word_1_7' title='bbox 682 604 813 672; x_wconf 82' lang='lat' dir='ltr'><strong>tabulae</strong></span> <span class='ocrx_word' id='word_1_8' title='bbox 828 605 1069 692; x_wconf 80' lang='lat' dir='ltr'><strong>heracleensis,</strong></span> <span class='ocrx_word' id='word_1_9' title='bbox 1090 609 1118 675; x_wconf 90' lang='grc' dir='ltr'><strong>Ι.</strong></span> <span class='ocrx_word' id='word_1_10' title='bbox 1136 610 1212 675; x_wconf 72' lang='lat' dir='ltr'><strong>fib.</strong></span> 
     </span>
     <span class='ocr_line' id='line_1_3' title="bbox 169 695 1215 802; baseline 0.001 -24"><span class='ocrx_word' id='word_1_11' title='bbox 169 711 237 796; x_wconf 79' lang='lat' dir='ltr'><strong>Qui</strong></span> <span class='ocrx_word' id='word_1_12' title='bbox 260 711 374 802; x_wconf 83' lang='lat' dir='ltr'><strong>igitur,</strong></span> <span class='ocrx_word' id='word_1_13' title='bbox 397 710 474 775; x_wconf 92' lang='lat' dir='ltr'><strong>dum</strong></span> <span class='ocrx_word' id='word_1_14' title='bbox 496 709 645 776; x_wconf 87' lang='lat' dir='ltr'><strong>addictus</strong></span> <span class='ocrx_word' id='word_1_15' title='bbox 666 719 737 793; x_wconf 91' lang='lat' dir='ltr'><strong>est,</strong></span> <span class='ocrx_word' id='word_1_16' title='bbox 761 695 911 775; x_wconf 85' lang='lat' dir='ltr'><strong>solidum</strong></span> <span class='ocrx_word' id='word_1_17' title='bbox 926 709 1048 794; x_wconf 83' lang='lat' dir='ltr'><strong>solvit,</strong></span> <span class='ocrx_word' id='word_1_18' title='bbox 1065 710 1109 777; x_wconf 61' lang='lat' dir='ltr'><strong>&#39;is</strong></span> <span class='ocrx_word' id='word_1_19' title='bbox 1130 711 1215 779; x_wconf 83' lang='lat' dir='ltr'><strong>infr·</strong></span> 
     </span>
     <span class='ocr_line' id='line_1_4' title="bbox 171 810 1216 901; baseline -0.001 -21"><span class='ocrx_word' id='word_1_20' title='bbox 171 814 234 880; x_wconf 88' lang='lat' dir='ltr'><strong>tuis</strong></span> <span class='ocrx_word' id='word_1_21' title='bbox 255 839 322 881; x_wconf 91' lang='lat' dir='ltr'><strong>non</strong></span> <span class='ocrx_word' id='word_1_22' title='bbox 344 813 400 898; x_wconf 75' lang='lat' dir='ltr'><strong>iit3</strong></span> <span class='ocrx_word' id='word_1_23' title='bbox 431 812 489 901; x_wconf 90' lang='lat' dir='ltr'><strong>qni</strong></span> <span class='ocrx_word' id='word_1_24' title='bbox 510 834 587 878; x_wconf 83' lang='lat' dir='ltr'><strong>vero</strong></span> <span class='ocrx_word' id='word_1_25' title='bbox 615 834 726 900; x_wconf 74' lang='lat' dir='ltr'><strong>nequae</strong></span> <span class='ocrx_word' id='word_1_26' title='bbox 747 810 865 894; x_wconf 83' lang='lat' dir='ltr'><strong>solvit,</strong></span> <span class='ocrx_word' id='word_1_27' title='bbox 895 834 1005 901; x_wconf 85' lang='lat' dir='ltr'><strong>neque</strong></span> <span class='ocrx_word' id='word_1_28' title='bbox 1026 813 1216 901; x_wconf 78' lang='lat' dir='ltr'><strong>paciscitur,</strong></span> 
     </span>
     <span class='ocr_line' id='line_1_5' title="bbox 168 913 1216 1010; baseline -0.003 -24"><span class='ocrx_word' id='word_1_29' title='bbox 168 915 454 1010; x_wconf 77' lang='lat' dir='ltr'><strong>nequetvindieem</strong></span> <span class='ocrx_word' id='word_1_30' title='bbox 469 916 537 997; x_wconf 89' lang='lat' dir='ltr'><strong>dat,</strong></span> <span class='ocrx_word' id='word_1_31' title='bbox 559 915 587 979; x_wconf 90' lang='lat' dir='ltr'><strong>is</strong></span> <span class='ocrx_word' id='word_1_32' title='bbox 603 937 670 979; x_wconf 90' lang='lat' dir='ltr'><strong>uon</strong></span> <span class='ocrx_word' id='word_1_33' title='bbox 686 913 818 978; x_wconf 85' lang='lat' dir='ltr'><strong>infamis</strong></span> <span class='ocrx_word' id='word_1_34' title='bbox 833 913 953 997; x_wconf 87' lang='lat' dir='ltr'><strong>solum,</strong></span> <span class='ocrx_word' id='word_1_35' title='bbox 979 915 1036 980; x_wconf 89' lang='lat' dir='ltr'><strong>sed</strong></span> <span class='ocrx_word' id='word_1_36' title='bbox 1053 927 1085 980; x_wconf 89' lang='lat' dir='ltr'><strong>et</strong></span> <span class='ocrx_word' id='word_1_37' title='bbox 1102 926 1216 983; x_wconf 78' lang='lat' dir='ltr'><strong>servus</strong></span> 
     </span>
     <span class='ocr_line' id='line_1_6' title="bbox 169 1013 1218 1110; baseline -0.002 -22"><span class='ocrx_word' id='word_1_38' title='bbox 169 1023 220 1103; x_wconf 84' lang='lat' dir='ltr'><strong>fit,</strong></span> <span class='ocrx_word' id='word_1_39' title='bbox 243 1013 351 1110; x_wconf 77' lang='lat' dir='ltr'><strong>neque</strong></span> <span class='ocrx_word' id='word_1_40' title='bbox 365 1020 471 1085; x_wconf 89' lang='lat' dir='ltr'><strong>solum</strong></span> <span class='ocrx_word' id='word_1_41' title='bbox 492 1019 665 1100; x_wconf 87' lang='lat' dir='ltr'><strong>bonorem,</strong></span> <span class='ocrx_word' id='word_1_42' title='bbox 686 1017 745 1082; x_wconf 87' lang='lat' dir='ltr'><strong>sed</strong></span> <span class='ocrx_word' id='word_1_43' title='bbox 762 1025 865 1082; x_wconf 86' lang='lat' dir='ltr'><strong>totum</strong></span> <span class='ocrx_word' id='word_1_44' title='bbox 882 1026 980 1106; x_wconf 87' lang='lat' dir='ltr'><strong>capnt</strong></span> <span class='ocrx_word' id='word_1_45' title='bbox 988 1018 1118 1084; x_wconf 87' lang='lat' dir='ltr'><strong>amittit.</strong></span> <span class='ocrx_word' id='word_1_46' title='bbox 1136 1020 1218 1086; x_wconf 80' lang='lat' dir='ltr'><strong>&#39;Ad-</strong></span> 
     </span>
     <span class='ocr_line' id='line_1_7' title="bbox 130 1120 1218 1211; baseline 0 -23"><span class='ocrx_word' id='word_1_47' title='bbox 130 1124 139 1143; x_wconf 67' lang='grc'><strong>“</strong></span> <span class='ocrx_word' id='word_1_48' title='bbox 170 1124 293 1189; x_wconf 84' lang='lat' dir='ltr'><strong>dictum</strong></span> <span class='ocrx_word' id='word_1_49' title='bbox 305 1145 381 1188; x_wconf 85' lang='lat' dir='ltr'><strong>vero</strong></span> <span class='ocrx_word' id='word_1_50' title='bbox 396 1120 568 1188; x_wconf 76' lang='lat' dir='ltr'><strong>facultates</strong></span> <span class='ocrx_word' id='word_1_51' title='bbox 583 1120 735 1210; x_wconf 85' lang='lat' dir='ltr'><strong>bonaque</strong></span> <span class='ocrx_word' id='word_1_52' title='bbox 750 1143 808 1185; x_wconf 90' lang='lat' dir='ltr'><strong>sua</strong></span> <span class='ocrx_word' id='word_1_53' title='bbox 819 1120 1008 1205; x_wconf 78' lang='lat' dir='ltr'><strong>retinuisse,</strong></span> <span class='ocrx_word' id='word_1_54' title='bbox 1031 1144 1130 1211; x_wconf 85' lang='lat' dir='ltr'><strong>supra</strong></span> <span class='ocrx_word' id='word_1_55' title='bbox 1143 1146 1218 1211; x_wconf 71' lang='lat' dir='ltr'><strong>pro</strong></span> 
     </span>
     <span class='ocr_line' id='line_1_8' title="bbox 169 1222 1217 1313; baseline -0.004 -19"><span class='ocrx_word' id='word_1_56' title='bbox 169 1226 263 1312; x_wconf 79' lang='lat' dir='ltr'><strong>bavi3</strong></span> <span class='ocrx_word' id='word_1_57' title='bbox 285 1225 435 1293; x_wconf 84' lang='lat' dir='ltr'><strong>executio</strong></span> <span class='ocrx_word' id='word_1_58' title='bbox 450 1225 537 1291; x_wconf 90' lang='lat' dir='ltr'><strong>enim</strong></span> <span class='ocrx_word' id='word_1_59' title='bbox 553 1247 620 1289; x_wconf 91' lang='lat' dir='ltr'><strong>non</strong></span> <span class='ocrx_word' id='word_1_60' title='bbox 634 1225 669 1290; x_wconf 90' lang='lat' dir='ltr'><strong>in</strong></span> <span class='ocrx_word' id='word_1_61' title='bbox 684 1222 769 1307; x_wconf 79' lang='lat' dir='ltr'><strong>rein,</strong></span> <span class='ocrx_word' id='word_1_62' title='bbox 791 1223 898 1289; x_wconf 87' lang='lat' dir='ltr'><strong>sedin</strong></span> <span class='ocrx_word' id='word_1_63' title='bbox 918 1225 1217 1313; x_wconf 79' lang='lat' dir='ltr'><strong>personamifiebat.</strong></span> 
     </span>
     <span class='ocr_line' id='line_1_9' title="bbox 124 1318 1216 1417; baseline -0.002 -22"><span class='ocrx_word' id='word_1_64' title='bbox 124 1318 130 1327; x_wconf 50' lang='lat'><strong>¹</strong></span> <span class='ocrx_word' id='word_1_65' title='bbox 169 1330 324 1395; x_wconf 76' lang='lat' dir='ltr'><strong>Attamen</strong></span> <span class='ocrx_word' id='word_1_66' title='bbox 357 1328 462 1411; x_wconf 87' lang='lat' dir='ltr'><strong>illud,</strong></span> <span class='ocrx_word' id='word_1_67' title='bbox 501 1327 590 1417; x_wconf 88' lang='lat' dir='ltr'><strong>quod</strong></span> <span class='ocrx_word' id='word_1_68' title='bbox 623 1327 754 1415; x_wconf 75' lang='lat' dir='ltr'><strong>corpori</strong></span> <span class='ocrx_word' id='word_1_69' title='bbox 784 1326 975 1392; x_wconf 73' lang='lat' dir='ltr'><strong>imminebat</strong></span> <span class='ocrx_word' id='word_1_70' title='bbox 1000 1327 1216 1416; x_wconf 82' lang='lat' dir='ltr'><strong>perieulum,</strong></span> 
     </span>
     <span class='ocr_line' id='line_1_10' title="bbox 170 1429 1215 1524; baseline -0.003 -26"><span class='ocrx_word' id='word_1_71' title='bbox 170 1434 294 1524; x_wconf 88' lang='lat' dir='ltr'><strong>optime</strong></span> <span class='ocrx_word' id='word_1_72' title='bbox 323 1429 451 1497; x_wconf 82' lang='lat' dir='ltr'><strong>valebat</strong></span> <span class='ocrx_word' id='word_1_73' title='bbox 484 1430 524 1494; x_wconf 91' lang='lat' dir='ltr'><strong>ad</strong></span> <span class='ocrx_word' id='word_1_74' title='bbox 555 1429 798 1519; x_wconf 83' lang='lat' dir='ltr'><strong>refringendam</strong></span> <span class='ocrx_word' id='word_1_75' title='bbox 840 1431 1084 1496; x_wconf 78' lang='lat' dir='ltr'><strong>contumaciam</strong></span> <span class='ocrx_word' id='word_1_76' title='bbox 1110 1430 1215 1521; x_wconf 74' lang='lat' dir='ltr'><strong>iltius,</strong></span> 
     </span>
     <span class='ocr_line' id='line_1_11' title="bbox 172 1532 1218 1625; baseline 0.001 -26"><span class='ocrx_word' id='word_1_77' title='bbox 172 1535 232 1625; x_wconf 89' lang='lat' dir='ltr'><strong>qui</strong></span> <span class='ocrx_word' id='word_1_78' title='bbox 251 1534 408 1600; x_wconf 86' lang='lat' dir='ltr'><strong>solvendo</strong></span> <span class='ocrx_word' id='word_1_79' title='bbox 433 1543 519 1614; x_wconf 88' lang='lat' dir='ltr'><strong>erat,</strong></span> <span class='ocrx_word' id='word_1_80' title='bbox 544 1532 716 1598; x_wconf 83' lang='lat' dir='ltr'><strong>debitoris.</strong></span> <span class='ocrx_word' id='word_1_81' title='bbox 760 1532 828 1616; x_wconf 82' lang='lat' dir='ltr'><strong>Qui</strong></span> <span class='ocrx_word' id='word_1_82' title='bbox 849 1544 958 1598; x_wconf 83' lang='lat' dir='ltr'><strong>autem</strong></span> <span class='ocrx_word' id='word_1_83' title='bbox 973 1534 1144 1600; x_wconf 84' lang='lat' dir='ltr'><strong>satis:n&#39;on</strong></span> <span class='ocrx_word' id='word_1_84' title='bbox 1164 1536 1218 1601; x_wconf 84' lang='lat' dir='ltr'><strong>bn·</strong></span> 
     </span>
     <span class='ocr_line' id='line_1_12' title="bbox 170 1635 1214 1727; baseline -0.003 -23"><span class='ocrx_word' id='word_1_85' title='bbox 170 1637 270 1704; x_wconf 88' lang='lat' dir='ltr'><strong>bebat</strong></span> <span class='ocrx_word' id='word_1_86' title='bbox 293 1637 334 1701; x_wconf 88' lang='lat' dir='ltr'><strong>nd</strong></span> <span class='ocrx_word' id='word_1_87' title='bbox 355 1659 485 1701; x_wconf 91' lang='lat' dir='ltr'><strong>omnem</strong></span> <span class='ocrx_word' id='word_1_88' title='bbox 507 1635 610 1701; x_wconf 91' lang='lat' dir='ltr'><strong>debiti</strong></span> <span class='ocrx_word' id='word_1_89' title='bbox 632 1659 789 1701; x_wconf 83' lang='lat' dir='ltr'><strong>summum</strong></span> <span class='ocrx_word' id='word_1_90' title='bbox 811 1635 1061 1717; x_wconf 82' lang='lat' dir='ltr'><strong>exsolvendam,</strong></span> <span class='ocrx_word' id='word_1_91' title='bbox 1086 1637 1138 1703; x_wconf 82' lang='lat' dir='ltr'><strong>itti</strong></span> <span class='ocrx_word' id='word_1_92' title='bbox 1160 1661 1214 1727; x_wconf 81' lang='lat' dir='ltr'><strong>pa·</strong></span> 
     </span>
     <span class='ocr_line' id='line_1_13' title="bbox 109 1732 1219 1828; baseline -0.001 -21"><span class='ocrx_word' id='word_1_93' title='bbox 109 1789 111 1794; x_wconf 88' lang='lat'><em>-</em></span> <span class='ocrx_word' id='word_1_94' title='bbox 172 1733 318 1827; x_wconf 78' lang='lat' dir='ltr'><strong>cisccndi</strong></span> <span class='ocrx_word' id='word_1_95' title='bbox 335 1732 393 1826; x_wconf 77' lang='lat' dir='ltr'><strong>jus</strong></span> <span class='ocrx_word' id='word_1_96' title='bbox 414 1763 431 1803; x_wconf 86' lang='lat' dir='ltr'><strong>a</strong></span> <span class='ocrx_word' id='word_1_97' title='bbox 454 1738 584 1828; x_wconf 84' lang='lat' dir='ltr'><strong>legibus</strong></span> <span class='ocrx_word' id='word_1_98' title='bbox 605 1739 714 1803; x_wconf 86' lang='lat' dir='ltr'><strong>datum</strong></span> <span class='ocrx_word' id='word_1_99' title='bbox 738 1748 825 1818; x_wconf 88' lang='lat' dir='ltr'><strong>erat,</strong></span> <span class='ocrx_word' id='word_1_100' title='bbox 849 1750 962 1803; x_wconf 56' lang='lat' dir='ltr'><strong>ct&#39;tnm</strong></span> <span class='ocrx_word' id='word_1_101' title='bbox 986 1738 1133 1820; x_wconf 84' lang='lat' dir='ltr'><strong>demum,</strong></span> <span class='ocrx_word' id='word_1_102' title='bbox 1154 1740 1219 1806; x_wconf 81' lang='lat' dir='ltr'><strong>nisi</strong></span> 
     </span>
     <span class='ocr_line' id='line_1_14' title="bbox 172 1834 1217 1933; baseline -0.002 -24"><span class='ocrx_word' id='word_1_103' title='bbox 172 1853 287 1933; x_wconf 85' lang='lat' dir='ltr'><strong>pactus</strong></span> <span class='ocrx_word' id='word_1_104' title='bbox 306 1834 414 1924; x_wconf 82' lang='lat' dir='ltr'><strong>foret,</strong></span> <span class='ocrx_word' id='word_1_105' title='bbox 438 1841 620 1906; x_wconf 81' lang='lat' dir='ltr'><strong>habebatur</strong></span> <span class='ocrx_word' id='word_1_106' title='bbox 640 1841 675 1905; x_wconf 88' lang='lat' dir='ltr'><strong>in</strong></span> <span class='ocrx_word' id='word_1_107' title='bbox 695 1840 849 1908; x_wconf 84' lang='lat' dir='ltr'><strong>vinculis.</strong></span> <span class='ocrx_word' id='word_1_108' title='bbox 904 1841 1002 1925; x_wconf 78' lang='lat' dir='ltr'><strong>Quod</strong></span> <span class='ocrx_word' id='word_1_109' title='bbox 1029 1842 1217 1931; x_wconf 79' lang='lat' dir='ltr'><strong>paciscendi</strong></span> 
     </span>
     <span class='ocr_line' id='line_1_15' title="bbox 168 1942 1219 2035; baseline 0 -25"><span class='ocrx_word' id='word_1_110' title='bbox 168 1947 227 2035; x_wconf 84' lang='lat' dir='ltr'><strong>jus</strong></span> <span class='ocrx_word' id='word_1_111' title='bbox 257 1956 290 2011; x_wconf 92' lang='lat' dir='ltr'><strong>et</strong></span> <span class='ocrx_word' id='word_1_112' title='bbox 315 1942 586 2011; x_wconf 78' lang='lat' dir='ltr'><strong>consuetudinem</strong></span> <span class='ocrx_word' id='word_1_113' title='bbox 614 1944 681 2009; x_wconf 90' lang='lat' dir='ltr'><strong>non</strong></span> <span class='ocrx_word' id='word_1_114' title='bbox 718 1966 760 2009; x_wconf 83' lang='lat' dir='ltr'><strong>ex</strong></span> <span class='ocrx_word' id='word_1_115' title='bbox 788 1942 897 2009; x_wconf 85' lang='lat' dir='ltr'><strong>Gellio</strong></span> <span class='ocrx_word' id='word_1_116' title='bbox 936 1955 1059 2009; x_wconf 86' lang='lat' dir='ltr'><strong>tantum</strong></span> <span class='ocrx_word' id='word_1_117' title='bbox 1091 1944 1219 2035; x_wconf 85' lang='lat' dir='ltr'><strong>cognita</strong></span> 
     </span>
     <span class='ocr_line' id='line_1_16' title="bbox 175 2045 1219 2136; baseline -0.003 -22"><span class='ocrx_word' id='word_1_118' title='bbox 175 2048 358 2132; x_wconf 83' lang='lat' dir='ltr'><strong>babemus,</strong></span> <span class='ocrx_word' id='word_1_119' title='bbox 393 2048 451 2112; x_wconf 91' lang='lat' dir='ltr'><strong>sed</strong></span> <span class='ocrx_word' id='word_1_120' title='bbox 493 2058 526 2112; x_wconf 92' lang='lat' dir='ltr'><strong>ct</strong></span> <span class='ocrx_word' id='word_1_121' title='bbox 553 2046 634 2112; x_wconf 78' lang='lat' dir='ltr'><strong>alias</strong></span> <span class='ocrx_word' id='word_1_122' title='bbox 666 2045 700 2112; x_wconf 87' lang='lat' dir='ltr'><strong>in</strong></span> <span class='ocrx_word' id='word_1_123' title='bbox 737 2045 878 2136; x_wconf 84' lang='lat' dir='ltr'><strong>singulis</strong></span> <span class='ocrx_word' id='word_1_124' title='bbox 913 2048 1019 2112; x_wconf 90' lang='lat' dir='ltr'><strong>causis</strong></span> <span class='ocrx_word' id='word_1_125' title='bbox 1047 2058 1219 2115; x_wconf 81' lang='lat' dir='ltr'><strong>memorata</strong></span> 
     </span>
     <span class='ocr_line' id='line_1_17' title="bbox 172 2141 1218 2239; baseline -0.001 -22"><span class='ocrx_word' id='word_1_126' title='bbox 172 2141 394 2219; x_wconf 50' lang='lat' dir='ltr'><strong>invenimus(</strong></span> <span class='ocrx_word' id='word_1_127' title='bbox 418 2151 479 2216; x_wconf 83' lang='lat' dir='ltr'><strong>Ex·</strong></span> <span class='ocrx_word' id='word_1_128' title='bbox 496 2145 725 2239; x_wconf 89' lang='lat' dir='ltr'><strong>superioribus</strong></span> <span class='ocrx_word' id='word_1_129' title='bbox 747 2149 834 2213; x_wconf 90' lang='lat' dir='ltr'><strong>enim</strong></span> <span class='ocrx_word' id='word_1_130' title='bbox 858 2149 1052 2235; x_wconf 84' lang='lat' dir='ltr'><strong>didicimus,</strong></span> <span class='ocrx_word' id='word_1_131' title='bbox 1082 2176 1151 2218; x_wconf 90' lang='lat' dir='ltr'><strong>non</strong></span> <span class='ocrx_word' id='word_1_132' title='bbox 1166 2153 1218 2239; x_wconf 87' lang='lat' dir='ltr'><strong>ju·</strong></span> 
     </span>
     <span class='ocr_line' id='line_1_18' title="bbox 173 2243 1220 2338; baseline -0.001 -17"><span class='ocrx_word' id='word_1_133' title='bbox 173 2243 291 2322; x_wconf 87' lang='lat' dir='ltr'><strong>dicatis</strong></span> <span class='ocrx_word' id='word_1_134' title='bbox 313 2253 420 2318; x_wconf 87' lang='lat' dir='ltr'><strong>solum</strong></span> <span class='ocrx_word' id='word_1_135' title='bbox 442 2272 572 2317; x_wconf 82' lang='lat' dir='ltr'><strong>menum</strong></span> <span class='ocrx_word' id='word_1_136' title='bbox 596 2250 715 2338; x_wconf 71' lang='lat' dir='ltr'><strong>injici,</strong></span> <span class='ocrx_word' id='word_1_137' title='bbox 748 2250 806 2317; x_wconf 90' lang='lat' dir='ltr'><strong>sed</strong></span> <span class='ocrx_word' id='word_1_138' title='bbox 832 2262 865 2317; x_wconf 89' lang='lat' dir='ltr'><strong>et</strong></span> <span class='ocrx_word' id='word_1_139' title='bbox 886 2276 927 2319; x_wconf 86' lang='lat' dir='ltr'><strong>cx</strong></span> <span class='ocrx_word' id='word_1_140' title='bbox 949 2254 1070 2320; x_wconf 76' lang='lat' dir='ltr'><strong>delicto</strong></span> <span class='ocrx_word' id='word_1_141' title='bbox 1091 2256 1133 2320; x_wconf 85' lang='lat' dir='ltr'><strong>ad</strong></span> <span class='ocrx_word' id='word_1_142' title='bbox 1154 2277 1220 2321; x_wconf 88' lang='lat' dir='ltr'><strong>cer·</strong></span> 
     </span>
     <span class='ocr_line' id='line_1_19' title="bbox 173 2353 1219 2446; baseline 0.002 -23"><span class='ocrx_word' id='word_1_143' title='bbox 173 2368 241 2423; x_wconf 86' lang='lat' dir='ltr'><strong>tam</strong></span> <span class='ocrx_word' id='word_1_144' title='bbox 263 2377 421 2421; x_wconf 84' lang='lat' dir='ltr'><strong>summam</strong></span> <span class='ocrx_word' id='word_1_145' title='bbox 442 2354 603 2444; x_wconf 83' lang='lat' dir='ltr'><strong>pecuniae</strong></span> <span class='ocrx_word' id='word_1_146' title='bbox 626 2353 805 2435; x_wconf 83' lang='lat' dir='ltr'><strong>damnatis,</strong></span> <span class='ocrx_word' id='word_1_147' title='bbox 827 2356 932 2421; x_wconf 74' lang='lat' dir='ltr'><strong>ieiuti</strong></span> <span class='ocrx_word' id='word_1_148' title='bbox 956 2357 1037 2422; x_wconf 82' lang='lat' dir='ltr'><strong>furti</strong></span> <span class='ocrx_word' id='word_1_149' title='bbox 1057 2359 1112 2425; x_wconf 82' lang='lat' dir='ltr'><strong>vel</strong></span> <span class='ocrx_word' id='word_1_150' title='bbox 1135 2359 1219 2446; x_wconf 81' lang='lat' dir='ltr'><strong>iujo·</strong></span> 
     </span>
    </p>
   </div>
   <div class='ocr_carea' id='block_1_3' title="bbox 21 2457 1217 2555">
    <p class='ocr_par' dir='ltr' id='par_1_3' title="bbox 21 2457 1217 2555">
     <span class='ocr_line' id='line_1_20' title="bbox 21 2457 1217 2555; baseline 0 -29"><span class='ocrx_word' id='word_1_151' title='bbox 21 2483 24 2490; x_wconf 91' lang='lat'>·</span> <span class='ocrx_word' id='word_1_152' title='bbox 145 2459 319 2555; x_wconf 24' lang='lat' dir='ltr'><strong>*morum</strong></span> <span class='ocrx_word' id='word_1_153' title='bbox 342 2457 527 2548; x_wconf 75' lang='lat' dir='ltr'><strong>dequibus</strong></span> <span class='ocrx_word' id='word_1_154' title='bbox 551 2457 816 2547; x_wconf 82' lang='lat' dir='ltr'><strong>singuiispauca</strong></span> <span class='ocrx_word' id='word_1_155' title='bbox 840 2458 968 2524; x_wconf 86' lang='lat' dir='ltr'><strong>addam.</strong></span> <span class='ocrx_word' id='word_1_156' title='bbox 1013 2459 1123 2527; x_wconf 80' lang='lat' dir='ltr'><strong>&#39;Furti</strong></span> <span class='ocrx_word' id='word_1_157' title='bbox 1151 2462 1217 2548; x_wconf 89' lang='lat' dir='ltr'><strong>jam</strong></span> 
     </span>
    </p>
   </div>
   <div class='ocr_carea' id='block_1_4' title="bbox 172 2554 1220 3273">
    <p class='ocr_par' dir='ltr' id='par_1_4' title="bbox 172 2554 1220 3273">
     <span class='ocr_line' id='line_1_21' title="bbox 172 2554 1218 2652; baseline 0.003 -25"><span class='ocrx_word' id='word_1_158' title='bbox 172 2561 251 2627; x_wconf 85' lang='lat' dir='ltr'><strong>inde</strong></span> <span class='ocrx_word' id='word_1_159' title='bbox 272 2585 292 2626; x_wconf 85' lang='lat' dir='ltr'><strong>a</strong></span> <span class='ocrx_word' id='word_1_160' title='bbox 310 2554 378 2625; x_wconf 89' lang='lat' dir='ltr'><strong>Xli</strong></span> <span class='ocrx_word' id='word_1_161' title='bbox 399 2560 521 2627; x_wconf 79' lang='lat' dir='ltr'><strong>tabidis</strong></span> <span class='ocrx_word' id='word_1_162' title='bbox 543 2561 608 2627; x_wconf 90' lang='lat' dir='ltr'><strong>duo</strong></span> <span class='ocrx_word' id='word_1_163' title='bbox 633 2561 823 2651; x_wconf 89' lang='lat' dir='ltr'><strong>praesertim</strong></span> <span class='ocrx_word' id='word_1_164' title='bbox 847 2584 967 2652; x_wconf 83' lang='lat' dir='ltr'><strong>genera</strong></span> <span class='ocrx_word' id='word_1_165' title='bbox 1003 2575 1120 2629; x_wconf 78' lang='lat' dir='ltr'><strong>etanta</strong></span> <span class='ocrx_word' id='word_1_166' title='bbox 1153 2566 1218 2651; x_wconf 80' lang='lat' dir='ltr'><strong>fur·</strong></span> 
     </span>
     <span class='ocr_line' id='line_1_22' title="bbox 173 2663 1218 2734; baseline 0.002 -2"><span class='ocrx_word' id='word_1_167' title='bbox 173 2677 243 2732; x_wconf 91' lang='lat' dir='ltr'><strong>tum</strong></span> <span class='ocrx_word' id='word_1_168' title='bbox 273 2663 482 2729; x_wconf 75' lang='lat' dir='ltr'><strong>manifbstnm</strong></span> <span class='ocrx_word' id='word_1_169' title='bbox 515 2675 547 2729; x_wconf 90' lang='lat' dir='ltr'><strong>et</strong></span> <span class='ocrx_word' id='word_1_170' title='bbox 580 2687 642 2730; x_wconf 90' lang='lat' dir='ltr'><strong>nec</strong></span> <span class='ocrx_word' id='word_1_171' title='bbox 672 2664 894 2730; x_wconf 86' lang='lat' dir='ltr'><strong>manifestum.</strong></span> <span class='ocrx_word' id='word_1_172' title='bbox 950 2663 1020 2732; x_wconf 85' lang='lat' dir='ltr'><strong>Nec</strong></span> <span class='ocrx_word' id='word_1_173' title='bbox 1053 2667 1218 2734; x_wconf 73' lang='lat' dir='ltr'><strong>manifesti</strong></span> 
     </span>
     <span class='ocr_line' id='line_1_23' title="bbox 172 2764 1217 2861; baseline 0.005 -29"><span class='ocrx_word' id='word_1_174' title='bbox 172 2766 256 2833; x_wconf 83' lang='lat' dir='ltr'><strong>farti</strong></span> <span class='ocrx_word' id='word_1_175' title='bbox 275 2788 381 2856; x_wconf 89' lang='lat' dir='ltr'><strong>poena</strong></span> <span class='ocrx_word' id='word_1_176' title='bbox 403 2786 464 2855; x_wconf 85' lang='lat' dir='ltr'><strong>per</strong></span> <span class='ocrx_word' id='word_1_177' title='bbox 495 2768 602 2856; x_wconf 84' lang='lat' dir='ltr'><strong>legem</strong></span> <span class='ocrx_word' id='word_1_178' title='bbox 632 2764 700 2832; x_wconf 83' lang='grc' dir='ltr'><strong>ΧΗ</strong></span> <span class='ocrx_word' id='word_1_179' title='bbox 723 2768 905 2834; x_wconf 84' lang='lat' dir='ltr'><strong>tabularum</strong></span> <span class='ocrx_word' id='word_1_180' title='bbox 927 2769 1021 2859; x_wconf 82' lang='lat' dir='ltr'><strong>dupli</strong></span> <span class='ocrx_word' id='word_1_181' title='bbox 1044 2769 1217 2861; x_wconf 83' lang='lat' dir='ltr'><strong>irrogatur.</strong></span> 
     </span>
     <span class='ocr_line' id='line_1_24' title="bbox 175 2866 1219 2962; baseline 0.007 -28"><span class='ocrx_word' id='word_1_182' title='bbox 175 2866 371 2936; x_wconf 74' lang='lat' dir='ltr'><strong>Manifestus</strong></span> <span class='ocrx_word' id='word_1_183' title='bbox 391 2882 499 2936; x_wconf 87' lang='lat' dir='ltr'><strong>autem</strong></span> <span class='ocrx_word' id='word_1_184' title='bbox 522 2872 610 2936; x_wconf 89' lang='lat' dir='ltr'><strong>fures</strong></span> <span class='ocrx_word' id='word_1_185' title='bbox 644 2870 819 2938; x_wconf 85' lang='lat' dir='ltr'><strong>decemviri</strong></span> <span class='ocrx_word' id='word_1_186' title='bbox 852 2871 959 2937; x_wconf 90' lang='lat' dir='ltr'><strong>occidi</strong></span> <span class='ocrx_word' id='word_1_187' title='bbox 987 2874 1219 2962; x_wconf 82' lang='lat' dir='ltr'><strong>permiserant,</strong></span> 
     </span>
     <span class='ocr_line' id='line_1_25' title="bbox 173 2966 1220 3062; baseline 0.008 -26"><span class='ocrx_word' id='word_1_188' title='bbox 173 2966 205 3036; x_wconf 81' lang='lat' dir='ltr'><strong>si</strong></span> <span class='ocrx_word' id='word_1_189' title='bbox 225 2984 281 3038; x_wconf 88' lang='lat' dir='ltr'><strong>aut</strong></span> <span class='ocrx_word' id='word_1_190' title='bbox 303 2996 405 3062; x_wconf 81' lang='lat' dir='ltr'><strong>quum</strong></span> <span class='ocrx_word' id='word_1_191' title='bbox 433 2975 579 3040; x_wconf 85' lang='lat' dir='ltr'><strong>facerent</strong></span> <span class='ocrx_word' id='word_1_192' title='bbox 608 2974 731 3040; x_wconf 88' lang='lat' dir='ltr'><strong>furtum</strong></span> <span class='ocrx_word' id='word_1_193' title='bbox 757 2998 825 3040; x_wconf 89' lang='lat' dir='ltr'><strong>nox</strong></span> <span class='ocrx_word' id='word_1_194' title='bbox 856 2985 942 3040; x_wconf 86' lang='lat' dir='ltr'><strong>esset</strong></span> <span class='ocrx_word' id='word_1_195' title='bbox 949 3021 962 3056; x_wconf 89' lang='lat'><em>‚</em></span> <span class='ocrx_word' id='word_1_196' title='bbox 992 2986 1048 3041; x_wconf 86' lang='lat' dir='ltr'><strong>aut</strong></span> <span class='ocrx_word' id='word_1_197' title='bbox 1075 2977 1220 3044; x_wconf 78' lang='lat' dir='ltr'><strong>interdiu</strong></span> 
     </span>
     <span class='ocr_line' id='line_1_26' title="bbox 174 3076 1220 3168; baseline 0.005 -26"><span class='ocrx_word' id='word_1_198' title='bbox 174 3076 242 3144; x_wconf 79' lang='lat' dir='ltr'><strong>teto</strong></span> <span class='ocrx_word' id='word_1_199' title='bbox 265 3098 323 3161; x_wconf 88' lang='lat' dir='ltr'><strong>se,</strong></span> <span class='ocrx_word' id='word_1_200' title='bbox 346 3100 449 3168; x_wconf 87' lang='lat' dir='ltr'><strong>quum</strong></span> <span class='ocrx_word' id='word_1_201' title='bbox 472 3076 736 3166; x_wconf 86' lang='lat' dir='ltr'><strong>prenderentur,</strong></span> <span class='ocrx_word' id='word_1_202' title='bbox 758 3077 984 3143; x_wconf 86' lang='lat' dir='ltr'><strong>defenderent.</strong></span> <span class='ocrx_word' id='word_1_203' title='bbox 1008 3076 1091 3143; x_wconf 68' lang='lat' dir='ltr'><strong>&#39;Er</strong></span> <span class='ocrx_word' id='word_1_204' title='bbox 1103 3081 1220 3147; x_wconf 85' lang='lat' dir='ltr'><strong>ceteris</strong></span> 
     </span>
     <span class='ocr_line' id='line_1_27' title="bbox 173 3179 1220 3273; baseline 0.004 -29"><span class='ocrx_word' id='word_1_205' title='bbox 173 3191 283 3246; x_wconf 81' lang='lat' dir='ltr'><strong>nutem</strong></span> <span class='ocrx_word' id='word_1_206' title='bbox 314 3179 496 3246; x_wconf 84' lang='lat' dir='ltr'><strong>manifestis</strong></span> <span class='ocrx_word' id='word_1_207' title='bbox 533 3179 662 3259; x_wconf 83' lang='lat' dir='ltr'><strong>furibus</strong></span> <span class='ocrx_word' id='word_1_208' title='bbox 685 3179 819 3246; x_wconf 70' lang='lat' dir='ltr'><strong>&#39;liberos</strong></span> <span class='ocrx_word' id='word_1_209' title='bbox 851 3179 1017 3248; x_wconf 82' lang='lat' dir='ltr'><strong>verberari</strong></span> <span class='ocrx_word' id='word_1_210' title='bbox 1045 3181 1220 3273; x_wconf 78' lang='lat' dir='ltr'><strong>addicique</strong></span> 
     </span>
    </p>
   </div>
   <div class='ocr_carea' id='block_1_5' title="bbox 171 3282 1219 3371">
    <p class='ocr_par' dir='ltr' id='par_1_5' title="bbox 17 3282 1219 3371">
     <span class='ocr_line' id='line_1_28' title="bbox 171 3282 1219 3371; baseline -0.001 -20.128"><span class='ocrx_word' id='word_1_211' title='bbox 171 3282 346 3371; x_wconf 77' lang='lat' dir='ltr'><strong>jusserunt</strong></span> <span class='ocrx_word' id='word_1_212' title='bbox 363 3284 416 3367; x_wconf 91' lang='lat' dir='ltr'><strong>ei,</strong></span> <span class='ocrx_word' id='word_1_213' title='bbox 438 3284 491 3349; x_wconf 89' lang='lat' dir='ltr'><strong>cui</strong></span> <span class='ocrx_word' id='word_1_214' title='bbox 516 3284 783 3350; x_wconf 83' lang='lat' dir='ltr'><strong>factum-furtum</strong></span> <span class='ocrx_word' id='word_1_215' title='bbox 805 3294 905 3368; x_wconf 87' lang='lat' dir='ltr'><strong>esset,</strong></span> <span class='ocrx_word' id='word_1_216' title='bbox 927 3284 1075 3351; x_wconf 70' lang='lat' dir='ltr'><strong>simodo</strong></span> <span class='ocrx_word' id='word_1_217' title='bbox 1096 3285 1132 3352; x_wconf 88' lang='lat' dir='ltr'><strong>id</strong></span> <span class='ocrx_word' id='word_1_218' title='bbox 1153 3284 1219 3352; x_wconf 89' lang='lat' dir='ltr'><strong>luci</strong></span> 
     </span>
    </p>
   </div>
   <div class='ocr_carea' id='block_1_6' title="bbox 121 3381 1220 4075">
    <p class='ocr_par' dir='ltr' id='par_1_6' title="bbox 121 3381 1220 4075">
     <span class='ocr_line' id='line_1_29' title="bbox 173 3381 1219 3475; baseline -0.002 -21"><span class='ocrx_word' id='word_1_219' title='bbox 173 3386 352 3469; x_wconf 85' lang='lat' dir='ltr'><strong>fecissent,</strong></span> <span class='ocrx_word' id='word_1_220' title='bbox 373 3408 482 3475; x_wconf 84' lang='lat' dir='ltr'><strong>neque</strong></span> <span class='ocrx_word' id='word_1_221' title='bbox 503 3410 540 3453; x_wconf 87' lang='lat' dir='ltr'><strong>se</strong></span> <span class='ocrx_word' id='word_1_222' title='bbox 560 3381 626 3453; x_wconf 80' lang='lat' dir='ltr'><strong>icio</strong></span> <span class='ocrx_word' id='word_1_223' title='bbox 643 3385 889 3474; x_wconf 74' lang='lat' dir='ltr'><strong>defendissent3</strong></span> <span class='ocrx_word' id='word_1_224' title='bbox 909 3412 1022 3454; x_wconf 85' lang='lat' dir='ltr'><strong>servos</strong></span> <span class='ocrx_word' id='word_1_225' title='bbox 1039 3388 1116 3454; x_wconf 90' lang='lat' dir='ltr'><strong>item</strong></span> <span class='ocrx_word' id='word_1_226' title='bbox 1139 3387 1219 3452; x_wconf 81' lang='lat' dir='ltr'><strong>fuarti</strong></span> 
     </span>
     <span class='ocr_line' id='line_1_30' title="bbox 172 3485 1219 3582; baseline 0.001 -26"><span class='ocrx_word' id='word_1_227' title='bbox 172 3488 341 3556; x_wconf 74' lang='lat' dir='ltr'><strong>manifesti</strong></span> <span class='ocrx_word' id='word_1_228' title='bbox 360 3512 500 3578; x_wconf 77' lang='lat' dir='ltr'><strong>‚prensos</strong></span> <span class='ocrx_word' id='word_1_229' title='bbox 530 3485 722 3556; x_wconf 83' lang='lat' dir='ltr'><strong>verberibus</strong></span> <span class='ocrx_word' id='word_1_230' title='bbox 744 3491 854 3574; x_wconf 82' lang='lat' dir='ltr'><strong>affici,</strong></span> <span class='ocrx_word' id='word_1_231' title='bbox 887 3503 920 3557; x_wconf 92' lang='lat' dir='ltr'><strong>et</strong></span> <span class='ocrx_word' id='word_1_232' title='bbox 948 3516 968 3558; x_wconf 89' lang='lat' dir='ltr'><strong>c</strong></span> <span class='ocrx_word' id='word_1_233' title='bbox 992 3515 1076 3557; x_wconf 80' lang='lat' dir='ltr'><strong>saxo</strong></span> <span class='ocrx_word' id='word_1_234' title='bbox 1098 3491 1219 3582; x_wconf 89' lang='lat' dir='ltr'><strong>praeci·</strong></span> 
     </span>
     <span class='ocr_line' id='line_1_31' title="bbox 172 3589 1220 3684; baseline 0.002 -27"><span class='ocrx_word' id='word_1_235' title='bbox 172 3592 297 3682; x_wconf 75' lang='lat' dir='ltr'><strong>pturt,</strong></span> <span class='ocrx_word' id='word_1_236' title='bbox 330 3593 389 3659; x_wconf 88' lang='lat' dir='ltr'><strong>sed</strong></span> <span class='ocrx_word' id='word_1_237' title='bbox 417 3615 538 3682; x_wconf 79' lang='lat' dir='ltr'><strong>pueros</strong></span> <span class='ocrx_word' id='word_1_238' title='bbox 561 3589 749 3684; x_wconf 71' lang='lat' dir='ltr'><strong>impuberes</strong></span> <span class='ocrx_word' id='word_1_239' title='bbox 776 3593 934 3684; x_wconf 85' lang='lat' dir='ltr'><strong>praetoris</strong></span> <span class='ocrx_word' id='word_1_240' title='bbox 962 3594 1122 3661; x_wconf 81' lang='lat' dir='ltr'><strong>arbitratu</strong></span> <span class='ocrx_word' id='word_1_241' title='bbox 1151 3618 1220 3662; x_wconf 82' lang='lat' dir='ltr'><strong>ver·</strong></span> 
     </span>
     <span class='ocr_line' id='line_1_32' title="bbox 171 3688 1219 3787; baseline 0.004 -28"><span class='ocrx_word' id='word_1_242' title='bbox 171 3693 284 3760; x_wconf 75' lang='lat' dir='ltr'><strong>bereri</strong></span> <span class='ocrx_word' id='word_1_243' title='bbox 305 3697 493 3780; x_wconf 82' lang='lat' dir='ltr'><strong>volucrunt,</strong></span> <span class='ocrx_word' id='word_1_244' title='bbox 514 3688 700 3787; x_wconf 58' lang='lat' dir='ltr'><strong>noxamque</strong></span> <span class='ocrx_word' id='word_1_245' title='bbox 720 3698 765 3764; x_wconf 81' lang='lat' dir='ltr'><strong>ab</strong></span> <span class='ocrx_word' id='word_1_246' title='bbox 787 3699 839 3764; x_wconf 90' lang='lat' dir='ltr'><strong>bis</strong></span> <span class='ocrx_word' id='word_1_247' title='bbox 860 3699 978 3764; x_wconf 89' lang='lat' dir='ltr'><strong>factam</strong></span> <span class='ocrx_word' id='word_1_248' title='bbox 1000 3699 1128 3765; x_wconf 86' lang='lat' dir='ltr'><strong>sarciri.</strong></span> <span class='ocrx_word' id='word_1_249' title='bbox 1172 3697 1219 3763; x_wconf 84' lang='lat' dir='ltr'><strong>Ea</strong></span> 
     </span>
     <span class='ocr_line' id='line_1_33' title="bbox 171 3786 1219 3891; baseline 0.004 -30"><span class='ocrx_word' id='word_1_250' title='bbox 171 3786 311 3888; x_wconf 70' lang='lat' dir='ltr'><strong>sjuoquc</strong></span> <span class='ocrx_word' id='word_1_251' title='bbox 332 3801 430 3882; x_wconf 82' lang='lat' dir='ltr'><strong>farta,</strong></span> <span class='ocrx_word' id='word_1_252' title='bbox 455 3824 539 3890; x_wconf 80' lang='lat' dir='ltr'><strong>quae</strong></span> <span class='ocrx_word' id='word_1_253' title='bbox 558 3824 619 3888; x_wconf 87' lang='lat' dir='ltr'><strong>per</strong></span> <span class='ocrx_word' id='word_1_254' title='bbox 639 3800 764 3866; x_wconf 86' lang='lat' dir='ltr'><strong>lancem</strong></span> <span class='ocrx_word' id='word_1_255' title='bbox 788 3801 970 3891; x_wconf 88' lang='lat' dir='ltr'><strong>liciumque</strong></span> <span class='ocrx_word' id='word_1_256' title='bbox 990 3812 1149 3890; x_wconf 83' lang='lat' dir='ltr'><strong>concepta</strong></span> <span class='ocrx_word' id='word_1_257' title='bbox 1171 3823 1219 3865; x_wconf 87' lang='lat' dir='ltr'><strong>es·</strong></span> 
     </span>
     <span class='ocr_line' id='line_1_34' title="bbox 121 3901 1218 3991; baseline -0.002 -25"><span class='ocrx_word' id='word_1_258' title='bbox 121 3908 124 3913; x_wconf 83' lang='lat'>&#39;</span> <span class='ocrx_word' id='word_1_259' title='bbox 172 3914 251 3967; x_wconf 71' lang='lat' dir='ltr'><strong>seut</strong></span> <span class='ocrx_word' id='word_1_260' title='bbox 284 3904 422 3991; x_wconf 87' lang='lat' dir='ltr'><strong>perinde</strong></span> <span class='ocrx_word' id='word_1_261' title='bbox 453 3929 489 3970; x_wconf 83' lang='lat' dir='ltr'><strong>ue</strong></span> <span class='ocrx_word' id='word_1_262' title='bbox 521 3905 550 3969; x_wconf 89' lang='lat' dir='ltr'><strong>si</strong></span> <span class='ocrx_word' id='word_1_263' title='bbox 586 3904 756 3970; x_wconf 79' lang='lat' dir='ltr'><strong>manifesta</strong></span> <span class='ocrx_word' id='word_1_264' title='bbox 787 3915 934 3988; x_wconf 77' lang='lat' dir='ltr'><strong>essent,</strong></span> <span class='ocrx_word' id='word_1_265' title='bbox 958 3901 1218 3971; x_wconf 81' lang='lat' dir='ltr'><strong>riudicn&#39;verunt.</strong></span> 
     </span>
     <span class='ocr_line' id='line_1_35' title="bbox 170 4004 1218 4075; baseline -0.001 -4"><span class='ocrx_word' id='word_1_266' title='bbox 170 4004 265 4071; x_wconf 77' lang='lat' dir='ltr'><strong>fluic</strong></span> <span class='ocrx_word' id='word_1_267' title='bbox 285 4030 364 4071; x_wconf 89' lang='lat' dir='ltr'><strong>vcro</strong></span> <span class='ocrx_word' id='word_1_268' title='bbox 385 4007 452 4072; x_wconf 84' lang='lat' dir='ltr'><strong>furi</strong></span> <span class='ocrx_word' id='word_1_269' title='bbox 473 4009 648 4074; x_wconf 80' lang='lat' dir='ltr'><strong>manifesto</strong></span> <span class='ocrx_word' id='word_1_270' title='bbox 668 4028 755 4074; x_wconf 81' lang='lat' dir='ltr'><strong>enm</strong></span> <span class='ocrx_word' id='word_1_271' title='bbox 782 4007 841 4073; x_wconf 82' lang='lat' dir='ltr'><strong>itta</strong></span> <span class='ocrx_word' id='word_1_272' title='bbox 870 4007 926 4075; x_wconf 80' lang='lat' dir='ltr'><strong>cei</strong></span> <span class='ocrx_word' id='word_1_273' title='bbox 955 4006 1147 4072; x_wconf 77' lang='lat' dir='ltr'><strong>verberatus</strong></span> <span class='ocrx_word' id='word_1_274' title='bbox 1166 4004 1218 4071; x_wconf 87' lang='lat' dir='ltr'><strong>ad·</strong></span> 
     </span>
    </p>
   </div>
   <div class='ocr_carea' id='block_1_7' title="bbox 98 4092 1218 4303">
    <p class='ocr_par' dir='ltr' id='par_1_7' title="bbox 92 4092 1218 4303">
     <span class='ocr_line' id='line_1_36' title="bbox 170 4092 1218 4209; baseline -0.008 -28.623"><span class='ocrx_word' id='word_1_275' title='bbox 170 4092 283 4173; x_wconf 60' lang='lat' dir='ltr'><strong>citerus</strong></span> <span class='ocrx_word' id='word_1_276' title='bbox 307 4120 376 4209; x_wconf 73' lang='lat' dir='ltr'><strong>crat</strong></span> <span class='ocrx_word' id='word_1_277' title='bbox 404 4104 739 4200; x_wconf 65' lang='lat' dir='ltr'><strong>pacisci-licuisset.</strong></span> <span class='ocrx_word' id='word_1_278' title='bbox 764 4113 796 4176; x_wconf 89' lang='grc'><strong>7.</strong></span> <span class='ocrx_word' id='word_1_279' title='bbox 821 4110 852 4203; x_wconf 58' lang='grc' dir='ltr'><strong>ᾖ.</strong></span> <span class='ocrx_word' id='word_1_280' title='bbox 878 4110 936 4177; x_wconf 72' lang='lat' dir='ltr'><strong>fdt</strong></span> <span class='ocrx_word' id='word_1_281' title='bbox 958 4109 1003 4175; x_wconf 83' lang='grc' dir='ltr'><strong>Β.</strong></span> <span class='ocrx_word' id='word_1_282' title='bbox 1031 4110 1074 4176; x_wconf 86' lang='lat' dir='ltr'><strong>de</strong></span> <span class='ocrx_word' id='word_1_283' title='bbox 1103 4109 1218 4200; x_wconf 69' lang='lat' dir='ltr'><strong>pactis,</strong></span> 
     </span>
     <span class='ocr_line' id='line_1_37' title="bbox 98 4211 1214 4303; baseline -0.001 -26"><span class='ocrx_word' id='word_1_284' title='bbox 98 4234 101 4239; x_wconf 46' lang='lat'><em>¹</em></span> <span class='ocrx_word' id='word_1_285' title='bbox 171 4212 364 4291; x_wconf 59' lang='lat' dir='ltr'><strong>mimante</strong></span> <span class='ocrx_word' id='word_1_286' title='bbox 383 4226 446 4281; x_wconf 90' lang='lat' dir='ltr'><strong>cst.</strong></span> <span class='ocrx_word' id='word_1_287' title='bbox 470 4215 544 4281; x_wconf 80' lang='lat' dir='ltr'><strong>-lut</strong></span> <span class='ocrx_word' id='word_1_288' title='bbox 560 4215 649 4285; x_wconf 88' lang='lat' dir='ltr'><strong>enim</strong></span> <span class='ocrx_word' id='word_1_289' title='bbox 671 4213 857 4303; x_wconf 70' lang='lat' dir='ltr'><strong>Ulpianasa</strong></span> <span class='ocrx_word' id='word_1_290' title='bbox 888 4223 952 4298; x_wconf 70' lang='lat' dir='ltr'><strong>„ct</strong></span> <span class='ocrx_word' id='word_1_291' title='bbox 973 4213 1014 4280; x_wconf 83' lang='lat' dir='ltr'><strong>de</strong></span> <span class='ocrx_word' id='word_1_292' title='bbox 1036 4214 1148 4298; x_wconf 82' lang='lat' dir='ltr'><strong>fartis,</strong></span> <span class='ocrx_word' id='word_1_293' title='bbox 1170 4211 1214 4276; x_wconf 87' lang='lat' dir='ltr'><strong>in·</strong></span> 
     </span>
    </p>
   </div>
   <div class='ocr_carea' id='block_1_8' title="bbox 0 0 1290 4800">
    <p class='ocr_par' dir='ltr' id='par_1_8' title="bbox 0 0 1290 4800">
     <span class='ocr_line' id='line_1_38' title="bbox 0 0 1290 4800; baseline 0 0"><span class='ocrx_word' id='word_1_294' title='bbox 0 0 1290 4800; x_wconf 95' lang='lat' dir='ltr'><strong> </strong></span> 
     </span>
    </p>
   </div>
  </div>
 </body>
</html>
