2572 4800
504 412 566 452 η,
600 369 687 449 407
739 414 788 433 -

120 596 183 665 pre
205 595 245 639 eo
267 585 395 653 esuum
410 572 680 663 egererentur«,
702 573 764 664 qui
784 572 1034 641 vindicem'uon
1057 571 1167 656 debet,

119 675 171 756 ei,
195 670 251 740 eui
271 685 339 746 erat
353 673 536 762 judicatus,
561 674 792 760 rddieebatur3
815 675 934 744 deinde
955 676 1085 744 domum
1109 676 1168 743 du·

116 776 254 843 eebetur
274 776 314 841 ub
335 788 443 843 actore
465 788 498 842 et
518 776 722 843 vinciebatur
741 802 843 844 nervo
863 789 919 847 eut
940 776 1167 867 compedibus,

121 904 257 968 quarum
279 864 504 970 pondus⁸.lege
520 879 597 945 'XII
618 880 800 950 tabularum
821 882 992 950 delinitum
1013 882 1166 970 legimus.

120 979 322 1074 Nequegeqo
345 1007 364 1048 a
388 981 688 1075 Saviniiprr'tibus.
706 995 792 1053 strre
812 984 923 1067 velim,
940 985 1001 1075 qui
1019 985 1080 1079 iile
1100 983 1170 1051 xll

121 1085 319 1167 tabularum,
333 1084 453 1163 rerber
485 1097 597 1175 „pest
615 1086 749 1155 *deiude
777 1109 893 1153 munus
923 1086 1056 1172 iniectio
1069 1100 1072 1107 '
1084 1097 1168 1155 estur

103 1186 156 1261 ‘iu
174 1188 397 1276 jamdupitu,
425 1188 462 1261 ni
488 1189 671 1276 judicatum
702 1189 815 1272 ircit”‚
850 1189 894 1257 itu
923 1189 1169 1279 interpretatur,

121 1290 223 1380 quusi·
238 1303 315 1381 pust
331 1313 450 1369 ‚mrbus
473 1292 509 1359 in
532 1292 611 1379 jure
635 1292 772 1378 injectus
795 1316 853 1359 reu
877 1293 986 1361 denuo
1007 1293 1100 1367 ubire
1129 1292 1169 1361 li·

120 1394 251 1476 cuerit,
275 1394 498 1467 utrindieem
521 1405 676 1483 quaerut,
700 1395 760 1484 qui
784 1420 821 1463 ee
843 1395 1017 1480 defend'rt3
1046 1406 1079 1463 et
1099 1408 1169 1463 tum

121 1495 245 1573 deinde
264 1496 503 1578 akaetorein
526 1496 583 1582 jus
606 1494 761 1579 ductum,
791 1508 836 1578 et,
863 1497 899 1563 ni
916 1499 1099 1584 judicatum
1120 1499 1169 1565 ie-

119 1598 225 1678 cerit,
253 1598 410 1689 creditori
436 1597 603 1667 addietum
630 1618 715 1665 etse.
770 1599 863 1683 Quae
892 1601 1116 1692 interpretatio
1137 1615 1171 1669 et

121 1699 289 1791 expressis
324 1713 472 1773 veterum
496 1700 809 1792 jurisconsuitqrum
843 1703 953 1770 verbis
986 1715 1168 1796 oppugnet,

123 1815 157 1871 et
177 1804 353 1899 teo„quod
375 1804 579 1896 probationis
599 1816 697 1873 causa
717 1805 890 1886 trudatur,
912 1807 1094 1896 [regmentu
1112 1832 1168 1874 ne·
1241 1832 1249 1851 r

121 1924 286 1999 quaquam
304 1909 461 1989 fulcitur,
497 1931 545 1975 sc.
576 1908 738 1975 vindicem
773 1909 887 1997 qureri
909 1933 977 1975 non
1006 1911 1168 1998 potuisse,

119 2013 159 2079 ni
180 2013 290 2083 denno
313 2035 370 2081 reu
400 2011 493 2077 abire
514 2011 675 2078 licuisset.
716 2009 853 2077 -Viudex
882 2011 970 2077 enim
991 2012 1107 2078 iisdem
1129 2013 1169 2079 il-

122 2116 166 2185 lis
190 2114 295 2181 XXX
324 2114 455 2198 diebus,
473 2113 537 2203 ‘qui
566 2114 607 2182 ud
641 2113 898 2203 conquirendum
919 2114 1091 2205 pecuniam
1115 2116 1169 2180 da-

121 2219 256 2301 bentur,
292 2217 407 2306 qua'eri
433 2228 585 2307 petente
620 2227 653 2284 et
684 2218 726 2282 ad
755 2218 844 2285 bunc
873 2226 1040 2307 precterea
1071 2218 1170 2286 tinem

119 2322 183 2414 qui
206 2322 364 2391 addictus.
377 2332 447 2387 erat
468 2322 552 2387 intre
574 2320 638 2419 LX
660 2320 754 2405 dies,
776 2345 842 2412 qno
864 2324 1006 2392 vinculis
1028 2324 1169 2388 babebu-

122 2438 200 2507 rur,
234 2425 330 2491 trinis
361 2425 518 2491 nundinis
548 2425 715 2493 continuis
736 2426 777 2491 ad
805 2438 989 2515 praetorem
1013 2427 1047 2492 in
1069 2427 1168 2492 corui-

123 2528 207 2595 tium
229 2527 493 2617 producebatur,
518 2537 726 2616 quantaeque
750 2531 911 2616 pecuniae
928 2530 1095 2617 judicetur
1118 2555 1168 2597 es·

117 2643 193 2715 ret,
214 2629 474 2720 praedicebatur.
526 2631 618 2698 Hecu
650 2632 737 2697 enim
767 2633 841 2699 ideo
871 2635 1017 2719 debent,
1052 2646 1089 2700 nt
1111 2636 1167 2700 ad·

119 2735 203 2802 dieti
224 2756 329 2823 poena
355 2733 597 2817 retardaretur,
624 2747 803 2824 possetque
823 2737 953 2802 interim
975 2762 1036 2828 per
1057 2762 1169 2828 quem·

117 2837 412 2926 eanneamicum
434 2835 582 2902 libcrari.
627 2837 676 2902 Ita
698 2836 824 2903 Seneca
842 2838 883 2904 de
902 2840 1071 2908 beneficiis
1087 2843 1166 2908 libr.

117 2941 182 3007 111.
208 2943 286 3008 e.8.
317 2940 391 3027 ejus
419 2938 618 3007 mentionem
654 2938 755 3021 fecit,
787 2940 873 3029 „qui
897 2941 1070 3030 penrniam
1091 2967 1167 3032 pro

116 3045 294 3111 'addicto
316 3043 519 3132 dependeret
528 3042 563 3128 ξ’
585 3063 653 3132 qno
679 3050 713 3107 et
733 3040 792 3108 iila
808 3040 907 3108 verbe
926 3041 1054 3110 tebnlue
1076 3046 1168 3112 bern·

118 3145 265 3217 deensis
294 3145 466 3212 referenda
502 3154 603 3210 sunta
644 3166 789 3233 „prore
809 3169 876 3235 qno
905 3145 1017 3212 datum
1047 3149 1168 3239 depen-

115 3272 234 3315 sumve
258 3259 327 3332 est,
351 3248 448 3315 erit”.
492 3246 617 3314 Tertiis
639 3258 749 3313 autem
778 3248 937 3315 nundinia
960 3248 1069 3338 cupite
1090 3274 1168 3341 pue·

117 3374 179 3419 nas
200 3351 320 3417 dobant
339 3361 396 3416 rut
414 3362 505 3417 trans
524 3350 674 3421 Tiberim
690 3374 827 3442 peregre
847 3376 968 3420 renum
989 3353 1092 3419 ibant.
1129 3353 1168 3420 Si

117 3467 228 3522 eutem
249 3455 363 3544 plnres
392 3456 523 3538 iurent,
556 3454 680 3544 quibua
700 3474 778 3520 reus
801 3467 889 3521 esset
903 3455 1093 3542 judicatur,
1116 3470 1167 3522 ae-

119 3582 217 3640 eure,
240 3558 270 3624 si
292 3558 437 3642 vellent,
465 3570 567 3648 atque
588 3557 705 3648 partiri
724 3582 846 3648 corpus
867 3559 989 3626 addicti
1004 3559 1077 3625 eibi
1096 3561 1166 3626 'bo-

118 3661 220 3726 rniniu
243 3660 297 3726 lex
319 3660 386 3727 Xll
408 3661 591 3727 tubulorum
613 3662 764 3750 permisit
791 3664 846 3727 lris
867 3661 998 3729 vertier
1029 3663 1167 3744 „tentiis

120 3765 280 3829 nundinis
300 3765 402 3852 pertis
424 3776 572 3844 secante,
605 3765 634 3829 si
654 3765 731 3854 ptus
753 3766 902 3831 minusve
924 3767 1103 3847 secuerint,
1130 3792 1167 3833 se

121 3867 237 3933 fmude
259 3868 363 3932 esto’t
414 3866 581 3951 Quinctii.
612 3865 641 3930 l.
666 3868 709 3932 0.
739 3868 800 3933 lib.
821 3867 883 3947 ΠΙ,
910 3871 989 3934 css.
1011 3904 1056 3919 -·-
1084 3870 1167 3935 'fcr-

121 3973 195 4036 tuli.
220 3971 364 4061 Apulug.
383 3968 443 4034 lv.
487 3969 605 4060 Neque
627 3969 839 4060 symbolicam
861 3973 945 4037 bane
962 3973 1164 4039 sanctionem

120 4073 226 4137 tuisse
251 4071 465 4157 crediderim
498 4073 547 4141 nil
584 4075 671 4139 enim
703 4074 847 4164 megisr
876 4073 944 4141 ΧΠ
966 4076 1087 4140 tubulis
1108 4075 1163 4139 rb·

122 4199 194 4242 esse
215 4175 367 4242 arbitror.
412 4173 479 4242 Sed
501 4176 535 4246 id
556 4178 709 4245 lubenter
731 4179 833 4262 cedo,
865 4179 914 4244 nil
936 4178 1085 4268 profecto
1104 4178 1164 4245 ian·
