2572 4800
496 342 776 486 -sra-r-

117 624 248 693 cunque
270 601 314 667 iu
328 601 407 687 jare
425 599 512 689 apud
540 606 721 690 praetorem
753 619 823 664 ιιιιι
846 596 1049 681 vindicabat,
1078 621 1154 664 enm

117 709 274 773 festucam
306 714 467 768 tenentem
497 703 541 769 ita
568 702 712 767 dixisses
744 701 866 785 „bunc
895 723 955 789 ego
985 699 1153 767 bominem

117 833 158 874 ex
173 808 251 899 jure
272 805 451 890 Quiritium
469 829 577 870 meum
597 827 668 869 esse
688 803 741 888 ajo
763 802 941 868 seeundum
962 825 1053 868 suam
1080 827 1153 869 can·

117 933 185 975 sam
213 909 297 974 sicut
324 908 392 973 dixi
423 930 460 971 e.·
481 905 582 973 cet.”.
585 897 742 991 Cujus
771 903 961 970 formulae
952 904 1079 970 mitium
1102 904 1154 971 illi

117 1009 345 1076 vindicationis
369 1007 543 1075 intentioni
564 1007 609 1072 ita
630 1004 828 1095 congruit,
833 1005 1011 1073 utillum
1002 1009 1154 1073 intentio·

117 1136 191 1180 nem
216 1136 258 1179 ex
287 1115 348 1177 bae
372 1111 519 1176 -lormnla
558 1110 722 1176 effluxisse
752 1132 849 1175 nemo
881 1132 979 1174 sanus
1007 1112 1156 1178 dubitare

117 1214 234 1305 possit.
290 1213 451 1280 Similiter
478 1223 510 1278 et
537 1211 755 1279 condictionis
786 1211 926 1277 intentio
955 1234 999 1306 en¹
1017 1213 1155 1279 lormula

118 1317 307 1386 sacramenti
330 1316 467 1383 actionis
495 1315 531 1381 in
552 1337 726 1403 personam
757 1314 918 1404 originem
949 1314 1087 1380 traxisse
1111 1315 1157 1381 vi·

117 1420 222 1486 detur.
265 1413 356 1484 Haec
382 1417 469 1483 enim
499 1416 573 1481 talis
603 1425 690 1480 erat:
731 1416 810 1502 „ajo
844 1427 876 1482 te
907 1415 988 1481 mibi
1011 1417 1046 1481 X
1079 1416 1157 1482 dere

116 1522 302 1613 oportere’',
343 1521 383 1585 ln
404 1521 466 1583 hac
487 1528 594 1582 autem
623 1516 839 1582 similitudine
863 1529 984 1607 quanta
1014 1516 1155 1583 dissimi-

115 1623 220 1692 litudo
243 1622 308 1704 sit,
329 1631 572 1709 quantumque,
599 1629 635 1682 ut
657 1618 710 1683 iu·
723 1618 847 1701 dicem,
877 1619 1084 1687 intervallum
1106 1621 1155 1686 in·

114 1740 166 1793 ter
188 1726 278 1790 illam
298 1724 383 1812 legis
403 1721 565 1788 actionem
596 1721 745 1808 beneque
767 1721 939 1787 formulam
962 1722 1155 1805 intercedat,

115 1827 280 1901 neminem
298 1825 395 1913 fugit.
439 1823 543 1910 Cujus
565 1846 688 1888 summa
710 1823 746 1889 in
766 1846 805 1889 eo
825 1835 893 1908 est,
915 1824 1006 1915 qnod
1026 1826 1156 1916 antiqui

111 1928 199 2018 juris
215 1928 354 1993 formula
373 1926 460 2016 apud
476 1935 672 2015 praetorem,
696 1925 837 2013 ipsoque
864 1926 955 1992 velut
975 1926 1155 2017 imperante

116 2030 306 2111 dicebatur,
329 2029 467 2094 intentio
487 2037 593 2091 autem
617 2026 691 2091 idco
713 2026 919 2115 potissimum
948 2030 1154 2117 concipieba-

115 2146 191 2218 tur,
212 2145 250 2198 ιιι
270 2132 313 2198 de
340 2129 458 2195 actoris
488 2127 650 2194 desiderio
676 2127 823 2214 judicem
851 2138 982 2217 praetor
1001 2128 1154 2194 inlorma·

116 2251 193 2306 ret..
224 2233 285 2300 llla
309 2233 410 2322 igitur
429 2254 448 2296 a
469 2229 617 2320 partibus
646 2229 732 2296 dicta
762 2228 849 2301 iuter
876 2230 968 2320 ipsos
989 2230 1154 2322 litigantes

115 2360 191 2409 sese
208 2335 373 2421 maderet,
402 2335 483 2400 baec
510 2355 588 2400 vero
606 2332 696 2420 juris
719 2333 967 2423 angustissimos
996 2336 1154 2401 terminos
1228 2364 1231 2371 ·

116 2439 302 2533 egreditur,
328 2436 519 2526 judicisque
545 2448 658 2526 postea
678 2437 715 2505 in
748 2435 820 2526 ipsa
843 2437 903 2502 lite
932 2438 1154 2526 investiganda

117 2557 150 2610 et
172 2539 379 2628 dijudicanda
403 2562 526 2605 summa
549 2541 605 2606 lex
640 2551 702 2607 eat.
754 2538 851 2604 Unde
871 2562 908 2603 ea
931 2539 1036 2604 oritur
1055 2562 1153 2628 qaae·

116 2647 194 2730 etio,
216 2667 300 2734 quae
320 2641 509 2728 conjunctio
530 2641 630 2707 luerit
652 2643 738 2708 inter
761 2641 818 2727 jus
847 2640 1074 2731 judiciumque
1105 2642 1152 2708 lc·

115 2747 167 2838 gia
186 2747 349 2814 actionum
371 2755 537 2832 tempore,
568 2744 723 2832 quodque
744 2754 821 2809 tunc
843 2743 1002 2809 formulae
1023 2742 1152 2812 vicibus

116 2853 264 2917 functum
288 2849 355 2915 citt
396 2847 494 2931 Quod
515 2869 575 2938 ego
602 2844 643 2911 ita
668 2845 747 2911 mibi
771 2846 899 2933 effingo.
949 2846 1095 2911 Peractis
1116 2846 1152 2912 in

111 2954 188 3042 jure
210 2952 380 3034 omnibus,
410 2973 495 3040 quae
522 2973 620 3038 supra
648 2947 830 3037 descripsi,
866 2946 1029 3036 litigantes
1060 2947 1151 3015 litem

116 3056 290 3125 contestari
308 3053 469 3137 solebant,
515 3052 743 3136 „Contcstari,
766 3051 882 3116 Festus
908 3072 937 3114 s.
959 3073 992 3115 v.
1014 3049 1079 3132 ait,
1102 3063 1152 3119 est

115 3182 190 3227 enm
218 3169 356 3248 uterquc
384 3178 460 3221 reus
488 3156 584 3221 dicits
617 3167 716 3221 testes
749 3152 861 3224 estote.
904 3152 1088 3219 Contestari
1111 3153 1152 3220 li·

107 3271 182 3327 ·tem
202 3259 357 3326 dicuntur
386 3258 451 3324 duo
475 3258 627 3346 pluresve
658 3256 856 3340 adversarii,
887 3255 977 3344 quod
1003 3256 1151 3324 ordinato

110 3359 238 3447 judicio
253 3371 390 3449 utraque
405 3383 482 3449 pars
492 3359 601 3426 dicere
616 3359 721 3426 solete
744 3369 842 3424 testes
858 3357 992 3424 estote”.
1033 3359 1150 3451 Postea
1199 3418 1202 3436 ,

114 3459 242 3544 autem,
271 3485 373 3551 quum
409 3460 450 3526 ad
480 3460 628 3545 judicem
656 3472 831 3544 renerent,
861 3472 1034 3551 antequam
1061 3467 1149 3554 apud

114 3589 187 3631 eum
209 3588 336 3631 mamm
357 3574 567 3654 perorarent,
604 3566 752 3631 solebant
784 3563 928 3630 breviter
949 3566 981 3631 ei
1002 3577 1035 3632 et
1055 3568 1149 3656 quasi

113 3691 174 3787 per
194 3668 336 3734 indicem
356 3691 426 3734 rem
448 3692 625 3758 exponere,
647 3693 730 3760 quac
751 3666 918 3734 dicebatur
936 3691 1051 3734 causac
1068 3692 1149 3736 con·

107 3770 234 3857 jectio,
248 3771 342 3863 quasi
356 3795 472 3838 musae
492 3796 570 3839 snae
589 3773 623 3838 in
645 3773 743 3840 breve
759 3770 894 3838 coactio
937 3771 1047 3838 ,ludex
1061 3774 1148 3840 cniin

112 3898 344 3965 nequequam
373 3875 456 3963 legis
478 3877 562 3942 actio
591 3876 826 3977 peragebatur,
854 3895 961 3961 neque
988 3885 1063 3964 post
1090 3877 1148 3944 ut·
1173 3908 1201 3957 ³<-

112 3979 204 4068 ginte
224 3976 317 4061 dida,
346 4002 448 4069 quum
475 3979 516 4044 ad
543 3980 690 4066 judicem
717 3968 977 4065 accipiendum
967 4001 1002 4041 ιιι
1020 3977 1078 4064 jas
1098 4001 1148 4042 re·

110 4077 341 4164 vertebantur,
368 4081 498 4166 aderet,
524 4105 634 4173 neque
662 4091 809 4172 praetor,
837 4101 938 4166 ιιιιιιιιι
965 4079 1073 4169 ipsum
1093 4081 1148 4143 da·

110 4192 162 4249 rct
182 4169 404 4269 addiceretve,
433 4207 507 4250 eum
536 4185 621 4263 de
610 4209 682 4307 apae
710 4184 769 4253 lite
796 4182 976 4251 accuratius
1011 4183 1148 4249 edocere
1182 4267 1185 4271 Ι
