2572 4800
549 409 805 495 Aa...

154 628 370 717 cuperatores
384 614 518 704 penitus
538 613 701 689 oblivioni
721 611 843 687 traditi.
893 610 1001 681 Certis
1034 610 1124 679 enim
1154 635 1198 680 ex

154 721 314 806 ιιιιιίιιι
335 729 448 810 postea
469 741 496 783 a
508 728 660 807 praetore
681 717 853 815 dabantur.
887 714 1072 785 celeritati
1093 715 1157 781 id⁸
1148 740 1198 782 ιι·

88 867 89 870 ,
154 823 332 915 dirigebat,
328 845 408 912 .qua
417 842 551 909 semper
564 808 845 911 recuperatorium
853 818 1047 905 judicium⁸
1037 818 1201 908 rosignici

88 923 90 926 ⁴
152 927 262 997 batur.
296 924 420 1001 Sinin
442 923 595 1013 plurimis
618 925 738 1006 causis,
761 922 796 989 in
819 922 941 1013 quibus
962 922 1015 988 vel
1036 921 1197 1010 reipubli-

45 1022 48 1028 ⁸
153 1044 211 1099 ιιι
231 1027 285 1109 ιιι
305 1027 510 1117 singulorum
532 1026 709 1108 intererat,
743 1026 853 1116 primo
883 1049 1016 1116 quoque
1048 1035 1200 1115 tempore

152 1133 246 1213 litem
276 1129 410 1213 dirimi,
440 1141 686 1218 recuperatores
710 1128 880 1195 dabantur.
932 1129 971 1194 ld
1000 1127 1198 1214 injuriarum

152 1234 280 1316 actione
296 1233 385 1329 lieri
407 1231 564 1317 solebat,
602 1256 671 1322 arg.
705 1230 835 1299 Gellius
867 1230 911 1298 N.
928 1233 987 1300 .ιι.
1017 1229 1202 1297 1ἰΙι.,ΧΧ.,Ι

153 1358 187 1407 c.-
218 1337 259 1402 12
295 1333 467 1421 „injuciis
484 1333 694 1405 ¹aestimandis
725 1345 970 1424 recuperatores
991 1350 1036 1400 ‘se
1064 1333 1203 1400 daturos-

154 1437 364 1513 ediueruntss’
408 1437 557 1524 lajariae
575 1449 684 1523 antem
711 1437 875 1524 ejusmodi
899 1445 997 1519 sunt,
1020 1445 1057 1500 nt
1077 1433 1198 1503 Cicero

151 1540 382 1623 rhetor-,libn¹
400 1539 446 1604 ll.
470 1561 500 1605 ι.
522 1540 583 1604 tto.
607 1540 710 1621 dicit,
742 1551 777 1606 ut
804 1541 845 1607 de
871 1539 924 1605 bis
947 1537 1198 1628 indignumsit,

152 1667 222 1713 nou
243 1643 350 1732 primo
373 1664 507 1731 quoque
528 1651 675 1731 tempore
685 1642 842 1728 judicari.
863 1680 913 1714 --ι
949 1642 989 1708 ld
1007 1630 1110 1732 igitur
1125 1642 1198 1728 jans
1223 1659 1227 1666 “

152 1747 189 1814 in
212 1745 328 1827 edictis
350 1754 517 1834 praetores
538 1743 591 1809 vel
608 1743 776 1835 praesides
798 1745 991 1828 edixerunt,
1024 1767 1199 1833 recupera·

152 1861 241 1919 tores
262 1871 300 1915 ιι
321 1847 363 1913 ad
384 1844 527 1936 aliquam
555 1845 654 1917 litem?
669 1845 822 1928 daturos,
852 1846 942 1936 quod
969 1856 1127 1936 qnantum
1146 1845 1200 1911 >ad

152 1952 326 2031 actionem,
338 1949 374 2015 vi
394 1948 556 2015 bonorum
577 1959 744 2038 rapturum
763 1961 797 2015 et
816 1950 1088 2017 adrintcrdictum
1109 1948 1199 2015 unde

153 2044 398 2141 ¹vi'lrorninibus
419 2051 575 2133 armatis,
603 2052 674 2137 jam
705 2077 805 2142 supra
834 2053 995 2143 exemplis
1021 2053 1197 2127 illustravi.

129 2144 199 2243 Et
219 2155 417 2246 generaliter
437 2153 475 2219 in
496 2152 650 2220 omnibus
673 2153 876 2241 interdictis,
906 2181 948 2224 ex
969 2157 1091 2248 quibos
1111 2155 1199 2224 actio

27 2261 29 2269 ’
152 2257 399 2349 postulabatur,
435 2256 569 2342 „judex
600 2256 670 2339 vel¹
688 2260 928 2347 recuperator’'
958 2260 1030 2333 dari
1049 2258 1198 2346 solebat,

153 2373 365 2453 recuperator
382 2370 489 2426 autem
515 2359 551 2425 in
577 2359 806 2458 probibitoriis
833 2363 1041 2455 potissimum
1063 2363 1199 2430 interdi-

154 2467 235 2550 ctis,
263 2464 454 2554 inquibus
486 2485 539 2529 res
560 2486 635 2531 cum
651 2462 811 2554 periculo
844 2466 886 2532 ad
915 2467 1014 2532 linem
1039 2467 1200 2555 perduces

151 2569 268 2654 betur,
300 2565 371 2657 arg.⁸
395 2565 472 2653 Gaj.
502 2565 582 2647 libr.
604 2565 666 2633 lv.
689 2565 721 2659 §.
744 2568 823 2635 141.
848 2604 890 2620 -
938 2555 1021 2636 'Alii
1042 2593 1121 2637 vero
1143 2592 1198 2663 ge·

152 2670 226 2749 ueri
248 2693 404 2753 casuum,
431 2669 611 2759 inquibus
635 2681 668 2739 ιι
687 2683 802 2762 postca
830 2685 1075 2763 recuperatores
1105 2673 1198 2742 datos

34 2855 45 2862 ⁵
152 2772 364 2857 invenimus,
400 2796 477 2839 eam
505 2772 615 2854 inesse
638 2773 795 2863 vnaturam
825 2776 923 2842 facilc
952 2775 1028 2866 quis
1059 2776 1198 2861 dixerit,

150 2900 238 2969 quae
260 2875 377 2967 primis
398 2876 777 2967 temporibusomnibus
800 2879 933 2945 omnino
955 2878 1063 2945 causis
1085 2879 1198 2947 inesse

153 2980 305 3054 debebat.
349 2979 398 3044 Ita
420 2979 685 3068 repetundarum
696 3003 763 3046 non
792 2980 916 3047 liberae
938 2992 1066 3047 tantum-
1083 2982 1197 3072 reipu-

152 3082 259 3169 blicae
272 3081 484 3171 temporibus
509 3082 568 3147 sed
594 3083 657 3149 sub
679 3081 931 3172 imperatoribus
941 3108 1091 3183 quoque
1107 3086 1198 3174 apud

152 3177 398 3274 recuperatores
418 3194 525 3250 actum
548 3207 639 3265 esse,
668 3180 835 3266 Tacitus
825 3212 861 3260 ιι
882 3173 991 3281 annal.
1014 3188 1045 3271 l,
1066 3190 1124 3257 74.
1142 3201 1197 3257 ιι·

153 3288 218 3381 stis
236 3298 365 3353 est...-
406 3285 447 3353 In
480 3286 592 3369 causis
615 3286 784 3366 fiscalibus
819 3301 1066 3379 recuperatores
1102 3291 1199 3361 datos

153 3413 241 3475 esse,
268 3387 480 3464 Suetonius
469 3413 506 3454 ιι
523 3387 659 3459 Nerone
683 3411 714 3456 c.
741 3392 795 3457 17.
819 3402 971 3471 testator·
994 3433 1037 3446 -
1060 3394 1134 3469 ,De
1151 3395 1197 3467 ‚li-

46 3511 50 3519 ·
152 3491 378 3574 baralirem
395 3515 550 3581 ,semper
567 3503 812 3581 recuperatores
842 3495 993 3582 judica-re
1020 3496 1200 3586 solebant-3

152 3611 219 3685 quo
240 3595 399 3680 adductus
420 3593 627 3684 Tbeopbilus
649 3609 893 3718 recuperatores
914 3599 993 3671 inde
1012 3600 1199 3691 appellatos

151 3719 227 3779 esee
245 3699 418 3784 allirmat,
429 3697 507 3788 quia
523 3720 663 3786 percos
684 3701 900 3791 mancipium
905 3701 1090 3782 libertatem
1111 3706 1201 3777 reci,-

112 3892 114 3896 .
151 3792 716 3919 pfim.2,..j,1u,;1)9m;t·,.„u,
745 3805 919 3895 imperator
948 3819 1202 3906 recuperatores

152 3903 197 3986 in
206 3881 405 3973 liberalibus
427 3904 537 3970 causis
556 3905 766 3973 admonuisse
793 3909 950 3992 traditur,
985 3931 1033 3977 ne
1055 3933 1094 3976 sc
1121 3935 1202 4003 per·

151 4003 310 4089 [promis
304 3984 541 4085 assertionibus
554 4010 915 4082 accommodarent-
957 4011 1033 4102 ipsa
1050 4013 1206 4106 deniqne

152 4094 350 4224 Vespasiani
372 4132 469 4228 uxor,
491 4109 603 4189 Flavia
626 4113 814 4205 Domitilla,
830 4114 962 4181 latinae
970 4116 1201 4204 conditionis,

120 4270 123 4275 .
151 4206 296 4331 ingenua
323 4221 359 4280 ιι
375 4211 457 4335 ciuis
485 4235 625 4284 romana
622 4217 880 4323 recuperatorio
896 4217 1041 4352 judicio
1036 4242 1204 4321 pronun·
