2572 4800
398 52 682 129 ...104-

69 260 154 329 ‚nino
172 260 209 327 iu
229 244 405 357 perronem
424 256 571 325 actiones
590 253 774 322 continent.
823 240 886 321 'lto
905 230 1014 317 'erliin'·
1031 262 1066 321 ot

61 376 154 431 ‚steus
192 362 393 455 „confessus
418 368 484 451 'pro
510 355 660 445 judicato
689 357 760 423 est'’
793 353 1064 447 gencrtliuenen
1196 392 1198 411 2

52 466 202 533 ¹cebstur.
245 462 407 546 Accedit,
429 460 518 551 quod
537 458 642 545 anue
664 460 737 548 ipse
758 458 794 525 in
815 458 959 525 lormulo
980 456 1063 549 legio
1194 482 1198 489 ·

44 570 162 637 etionis
187 588 249 657 per
270 588 386 632 munus
407 562 619 650 injectionem
651 560 796 651 generali
832 561 929 627 modo
961 560 1063 627 dicits
1192 570 1199 616 1

38 669 287 763 ,quotltumibi
303 668 529 759 judicatus
552 665 622 730 sive
644 666 867 731 damnatus
888 687 923 728 es
945 670 1064 729 sester-
1175 688 1200 753 ¹1

26 772 104 839 tium
127 770 164 838 X
181 770 248 857 bb,
272 794 357 861 qure
373 770 450 837 dolo
472 769 557 835 melo
579 791 646 833 nou
670 767 812 849 solvisti,
838 766 880 831 ob
903 788 972 831 eum
993 788 1065 831 rem
1178 786 1202 855 't

22 898 83 965 ego
106 874 169 943 tibi
189 874 376 967 sestertium
396 872 432 939 X
467 871 516 937 M.
548 870 741 958 judicati
773 890 889 934 munus
913 866 1064 957 injicio.”

22 976 135 1063 Quum
156 976 244 1043 enim
264 975 331 1042 duo
353 975 421 1040 siut
442 996 561 1065 genere
575 971 826 1061 obligationum,
848 982 905 1037 out
927 994 969 1036 ex
989 992 1066 1037 eon-

14 1088 146 1163 ·tructu,
178 1090 235 1145 tut
269 1088 312 1145 e'x
340 1077 482 1160 delicto,
519 1076 732 1163 „judicatus”
752 1076 793 1141 nd
816 1075 911 1141 illum
927 1098 970 1140 ex
989 1096 1068 1140 con·
1185 1102 1188 1109 ·

21 1192 128 1249 metu
149 1180 328 1273 obligeturn
348 1179 510 1269 pertinet,
534 1177 754 1262 „damnatus”
775 1178 816 1243 ud
837 1177 933 1243 illum
955 1198 998 1241 ex
1011 1174 1066 1241 tle-

22 1282 115 1351 licto.
168 1284 341 1351 Praetereo
361 1305 471 1372 neque
502 1281 592 1370 quod
613 1281 768 1371 sequitur
788 1280 1066 1373 contemnendum

24 1395 76 1451 ert
103 1396 342 1477 argumentum,
399 1385 452 1449 Ex
481 1383 565 1469 Gejo
595 1386 684 1449 cuim
718 1383 911 1466 didicimus,
942 1381 1067 1473 obligu-

24 1487 149 1555 tionem
171 1488 241 1556 litis
261 1489 499 1557 contestatione
527 1486 621 1569 tolli,
650 1488 680 1552 si
709 1488 806 1552 modo
838 1485 987 1577 legitimo
1011 1482 1068 1572 ju'·

24 1588 112 1655 dicio
130 1590 232 1657 luerit
253 1576 373 1657 tetum.
428 1588 513 1656 Nom
542 1600 622 1657 tunc
644 1590 801 1681 obligatio
822 1588 955 1679 quidem
975 1586 1068 1677 prin·

25 1692 142 1783 cipalis
164 1692 374 1779 dissolvitur,
405 1693 522 1783 incipit
542 1705 650 1760 tutem
674 1694 780 1760 teneri
799 1716 876 1757 reus
897 1690 969 1756 litis
990 1710 1068 1755 con·.
1200 1754 1204 1761 ,

23 1795 219 1883 teetetione3
241 1797 300 1862 ced
320 1797 350 1861 si
369 1794 602 1861 condemnatus
624 1796 689 1879 sit,
721 1795 849 1861 sublata
867 1795 937 1860 litis
958 1802 1068 1861 coute-
1202 1838 1205 1869 3

25 1897 187 1983 statione,
216 1899 334 1989 incipit
354 1922 397 1963 ex
421 1920 516 1965 consu
533 1898 673 1983 judicati
696 1899 824 1982 teueri3
855 1908 887 1963 et
910 1897 975 1963 boe
1005 1906 1069 1979 est,
1203 1902 1207 1949 t

26 2000 117 2089 quod
149 2000 237 2091 opud
280 2012 409 2067 veteres
447 1999 606 2091 seriptum
642 2011 711 2068 ests
743 2000 837 2067 laute
866 2000 958 2065 litem
993 2022 1070 2066 con·

27 2111 174 2168 testatum
206 2103 284 2171 dure
318 2102 499 2169 debitorem
542 2102 687 2191 debere5
730 2115 806 2194 post
837 2103 929 2169 litem
960 2112 1071 2170 conte·

26 2214 141 2271 suum
181 2204 392 2275 condemnari
435 2215 624 2292 oportet-cp·
655 2218 730 2296 post
766 2206 1070 2273 condemnationem

22 2308 205 2396 judicatum
228 2309 337 2374 lucere
364 2320 528 2396 oportere.
573 2307 729 2391 Quemvis
760 2309 861 2401 igitur
886 2306 1070 2374 diversissi-

26 2432 99 2476 muc
127 2410 252 2478 luerint
274 2409 474 2502 principales
496 2410 737 2501 obligationes,
767 2435 820 2478 res
848 2422 956 2478 temen
978 2410 1069 2499 judi·

25 2522 96 2579 un
115 2537 245 2581 omnem
266 2516 350 2580 hune
372 2513 592 2581 diversitatem
607 2515 771 2605 expellit,
803 2536 967 2604 unamque
991 2535 1069 2580 eon·

27 2613 134 2682 stituit
149 2616 343 2707 judicati
363 2617 621 2707 obligationem,
646 2620 692 2685 iu·
708 2643 773 2709 quc
796 2642 864 2684 uon
883 2615 1067 2713 quaeritur,

24 2741 105 2784 num
126 2718 298 2805 debuerit,
321 2721 401 2810 quid
422 2732 455 2785 et
476 2745 539 2810 qua
564 2744 604 2787 ex
627 2745 724 2788 ceusu
746 2720 919 2803 debuerit,
948 2718 1008 2785 scd
1028 2718 1069 2785 il·

24 2820 86 2888 lud
104 2831 253 2911 tuntum,
287 2846 365 2887 num
392 2823 575 2908 judicatum
602 2826 657 2890 sit.
714 2823 811 2891 Unde
835 2825 954 2889 iterum
984 2822 1070 2889 illud

23 2921 236 2993 manifestum
255 2924 311 3009 flt,
345 2925 433 3014 quod
455 2925 550 2991 initio
571 2928 693 3016 posui,
727 2952 775 2994 se.
794 2928 978 3014 judicatum
999 2948 1069 2993 non

7 3039 101 3092 'oum
122 3037 247 3092 tontum
276 3026 443 3118 intelligi,
475 3029 534 3117 qui
562 3030 704 3097 creditne
734 3031 894 3121 pecuniae
920 3029 965 3096 sit
992 3048 1069 3097 con·

21 3124 219 3212 domnolus,
262 3131 321 3196 sed
349 3131 540 3220 quicunque
570 3134 804 3200 condemnatus
838 3133 897 3214 sit,
930 3156 997 3223 qun
1027 3156 1070 3199 ex

24 3252 122 3298 cause
146 3254 276 3321 cunque
297 3232 393 3298 initio
417 3232 579 3301 debuerit.
635 3235 755 3326 Neque
784 3238 929 3303 cotiones
961 3239 1069 3303 bonne

24 3332 123 3416 fidoi,
157 3357 241 3425 quoe
271 3346 385 3424 posteo
406 3352 470 3425 per'
481 3334 607 3422 judicis
631 3339 887 3427 postulationem
908 3338 1068 3426 discepte-

23 3434 162 3519 bontur,
185 3436 398 3528 excipiendae
419 3450 517 3522 suut,
548 3442 740 3528 praesertim
764 3458 865 3530 quum
886 3440 1070 3530 antiquitus

24 3562 87 3629 per
106 3552 342 3606 sacromentum
364 3540 450 3607 sieut
470 3552 596 3607 ceterae
623 3544 727 3609 stricti
747 3544 835 3630 juris
857 3544 1069 3612 executiones

24 3642 150 3711 luerint
165 3642 342 3729 judicatae.
386 3643 526 3710 Nostrae
548 3658 656 3712 nutem
677 3646 755 3714 buie
780 3648 962 3715 sententiae
984 3646 1069 3713 dilli-

25 3747 178 3814 eultetem
211 3769 340 3812 movere
367 3745 522 3814 videntur
542 3747 645 3815 Gellii
667 3750 788 3834 verbe,
822 3750 946 3840 quibus
977 3750 1067 3817 illum

26 3850 94 3922 ΧΠ
114 3850 297 3918 tubulorum
318 3848 425 3941 legem
446 3850 607 3937 illustret3
638 3852 818 3947 quietalis
840 3863 939 3920 sonte
965 3874 1067 3936 „eou-
