2572 4800
461 382 714 460 -te..

62 588 206 656 obtulit:
239 586 338 676 „jura
364 611 426 679 per
453 589 556 680 patris
586 587 766 679 matrisque
794 589 940 673 eineres,
972 591 1031 682 qui
1059 561 1109 658 iri·

60 692 189 758 conditi
204 691 354 780 jacent‚'’
376 704 410 759 et
429 691 494 759 alia
516 691 550 757 in
572 692 661 791 buna
686 692 830 758 modum.
884 694 977 777 Quae
999 696 1108 785 legen·

60 796 152 862 tibus
174 796 281 862 statim
303 795 555 863 Ciceronianam
572 792 656 858 illud
679 794 714 860 in
740 807 882 862 mentem
904 799 1008 880 venit,
1031 798 1108 865 ubis

62 901 212 983 „er-edo,
242 898 376 989 inquit,
402 898 437 963 in
462 897 520 961 illa
541 894 655 960 militis
678 919 797 977 causa,
827 897 857 963 si
878 909 914 964 tu
939 911 995 964 aut
1016 899 1111 969 lacre·

60 1002 213 1066 dem'aut
235 1002 374 1066 militem
404 997 627 1081 defendimus,
656 998 697 1062 ad
727 1000 920 1068 hostilianus
952 1015 984 1069 te
1010 1004 1110 1070 actio·
1183 1054 1186 1062 .

59 1127 140 1186 nes,
174 1128 242 1170 non
271 1103 312 1168 ad
334 1115 420 1167 tuam
444 1100 509 1167 vim
537 1111 570 1165 et
591 1100 762 1165 oratoriam
789 1103 972 1170 facultatem
997 1104 1112 1173 conto·

59 1207 171 1291 lisses.
220 1205 275 1273 Tu
297 1229 400 1290 vero,
434 1205 488 1271 vel
509 1203 539 1269 si
561 1214 791 1270 testamentum
813 1206 1112 1292 defenderes,“sie

61 1334 196 1401 ageres,
231 1322 269 1377 nt
290 1334 387 1376 omne
409 1306 556 1373 ornnium
578 1316 845 1373 testamentorum
861 1309 920 1397 jus
944 1310 977 1374 in
1001 1333 1040 1376 eo
1057 1311 1111 1397 ju·

60 1415 149 1481 dicio
171 1414 315 1503 positum
337 1413 520 1496 videretur3
550 1410 604 1476 vel
634 1410 664 1475 si
692 1435 821 1477 eausam
846 1437 958 1501 ageres
980 1411 1110 1500 militis,

58 1529 186 1609 patrem
217 1516 311 1602 ejus,
343 1508 380 1579 ut
401 1502 515 1596 soles‚'
545 1511 685 1577 dicendo
708 1536 725 1576 a
748 1515 887 1581 mortuis
911 1517 1110 1602 excitasses3

57 1620 232 1687 statuisses
251 1628 328 1683 ante
342 1616 477 1700 oculosa
500 1615 791 1705 eomplexnsesset
812 1616 932 1701 fllium,
957 1620 1109 1711 densque

56 1746 139 1789 eum
167 1718 276 1788 Cviris
304 1717 580 1786 commendasseta
617 1718 747 1808 lapides
776 1712 964 1788 mebercnle
995 1747 1109 1791 omnes

55 1828 144 1894 tlera
173 1847 212 1889 ac
233 1814 403 1888 lamentari
422 1820 608 1911 coegisses,
641 1832 679 1887 ut
711 1832 814 1888 totum
838 1822 945 1889 illude
975 1824 1024 1890 nti
1045 1825 1109 1891 lin·

56 1953 126 2022 gua
150 1924 392 2016 nuncupassit‚
422 1946 490 1990 non
519 1923 554 1989 in
576 1921 644 1988 XII
671 1924 812 2008 tabulis,
841 1949 923 2013 quas
946 1939 981 1993 tn
1003 1927 1107 1993 omni·

56 2034 124 2098 bus
151 2028 363 2096 bibliothecis
395 2025 590 2115 anteponis,
630 2024 690 2092 sed
718 2027 753 2093 iu
784 2028 933 2118 magistri
964 2029 1108 2097 carmine

58 2133 220 2224 scriptum
242 2128 444 2198 videretur.’'

147 2236 213 2302 Hic
242 2257 336 2299 ame
354 2232 529 2321 impetrem
561 2253 628 2297 non
651 2254 805 2321 possum,
837 2235 919 2324 quin
949 2245 982 2302 et
1011 2235 1109 2304 aliam

58 2339 202 2405 (laicalis
219 2335 341 2424 judicii
354 2359 483 2402 cuasam
504 2345 537 2400 et
551 2337 694 2424 exeurrpli
708 2336 838 2404 raritate
862 2350 895 2404 et
915 2337 1108 2431 descriptio·

59 2445 116 2509 nis
137 2441 372 2533 perspicuitate
396 2438 560 2528 insignem
582 2428 690 2504 citatis
710 2439 838 2505 addam.
885 2440 1036 2507 Sumtum
1058 2453 1109 2508 est

59 2546 250 2636 exemplum
292 2568 333 2609 ex
373 2542 476 2608 Plinii
514 2541 612 2631 epist.
645 2542 722 2607 libr.
752 2542 814 2608 vl.
835 2544 889 2609 33.
971 2543 1108 2627 „Aeeia
1156 2573 1160 2584 “

59 2649 218 2733 Variola,
250 2645 372 2713 lemine
394 2644 567 2734 splendide
587 2657 684 2729 natu,
709 2657 812 2735 nupta
833 2645 998 2736 praetorio
1021 2646 1107 2731 viro,

57 2752 255 2820 exheredata
283 2748 324 2819 ab
353 2746 560 2836 octogenario
582 2759 697 2835 patre,
726 2749 811 2814 intra
843 2749 997 2814 undecim
1020 2750 1107 2832 dias,

57 2881 159 2948 quam
180 2854 239 2921 ille
261 2874 433 2919 novercam
455 2849 507 2934 ei,
528 2871 638 2914 amore
668 2863 797 2940 eaptus,
820 2850 1008 2935 induxerat,
1032 2876 1110 2941 qua·

56 2958 204 3049 drupliei
214 2955 342 3045 judicio
364 2954 449 3019 bona
470 2964 605 3047 paterna
626 2953 808 3044 repetebat.
833 2952 998 3020 Sedebant
1015 2954 1107 3040 judi·

56 3086 116 3130 ces
139 3072 268 3128 eentum
286 3058 467 3147 octoginta=
500 3067 549 3122 tot
579 3056 666 3123 enim
695 3068 837 3147 quatuor
857 3057 1008 3124 consiliis
1031 3083 1107 3125 con·

56 3160 271 3234 sedantura
313 3162 431 3252 ingens
470 3161 637 3250 utrimque
671 3161 838 3228 advocatio
872 3172 905 3227 et
933 3184 1107 3228 numerosa

57 3268 238 3336 subselliaz
262 3277 430 3356 praeterea
444 3264 544 3330 densa
563 3249 848 3332 circumstantium
869 3288 992 3332 corona
1016 3265 1107 3333 latis·

58 3373 182 3438 simum
199 3370 364 3458 judicium
389 3367 567 3458 multiplici
588 3367 714 3434 circulo
745 3369 901 3434 ambibat.
957 3369 1012 3434 Ad
1042 3371 1107 3439 boe
1205 3408 1207 3411 -

59 3475 219 3564 stipatum
250 3471 395 3537 tribunal
416 3481 516 3560 atque
547 3469 645 3536 etiam
676 3496 718 3538 ex
747 3472 918 3561 superiore
951 3472 1108 3542 basilicae
1156 3462 1159 3470 ¹
1193 3521 1197 3530 ·

60 3573 174 3668 parte,
216 3599 279 3665 qua
307 3574 545 3668 feminaeque
566 3572 631 3639 viri
660 3584 693 3640 et
714 3574 889 3658 audiendi,
922 3577 1012 3666 quod
1040 3588 1109 3643 erat

60 3679 201 3748 dillicile
223 3689 256 3744 et
278 3679 368 3769 quod
399 3687 469 3743 erat
490 3676 609 3758 facile,
639 3677 769 3744 visendi
791 3679 922 3761 studio,
956 3679 1105 3746 immine·

59 3786 152 3851 bant.
182 3783 305 3873 Magna
326 3780 526 3870 exspectatio
550 3793 696 3872 patrum,
720 3806 836 3872 magna
855 3782 1015 3864 filiorum,
1041 3808 1107 3851 ma·

61 3911 128 3978 gna
157 3885 255 3951 etiam
280 3907 506 3950 novercarum.
563 3885 703 3952 Secutus
731 3895 781 3951 est
814 3885 926 3950 varius
954 3895 1106 3950 eventus.

62 3981 146 4055 Nim
175 3989 305 4055 dnobus
332 3987 481 4054 consiliis
501 3989 662 4075 vicimus3
704 3988 839 4054 totidem
870 3987 948 4054 vieti
978 4011 1118 4079 sumus.

63 4092 228 4161 Notabilis
243 4116 379 4182 prorsus
393 4114 446 4158 res
459 4105 492 4160 et
505 4094 607 4161 miras
623 4094 734 4160 eadem
750 4092 785 4156 in
800 4112 911 4173 eausa,
925 4088 1041 4155 iisdem
1051 4091 1107 4176 jn·
1176 4085 1180 4095 '

67 4197 206 4284 dicibus,
227 4196 343 4263 iisdem
353 4195 530 4284 advocatis,
546 4198 660 4266 eodem
673 4209 820 4286 tempore
832 4205 920 4259 tanta
937 4192 1107 4258 diversitas
1228 4202 1231 4209 '

166 4305 168 4308 .
532 4328 536 4337 ¹
735 4314 737 4318 ,
834 4297 876 4360 2,
