2572 4800
359 317 361 320 ⁴
474 347 526 418 *-
577 353 680 455 2),ῧῖ
710 404 756 463 ··,

111 557 145 652 ξ.
166 560 214 626 8.
238 559 283 626 Ι).
320 560 394 629 eod.
432 559 620 630 conditione
661 583 728 627 non
768 560 901 652 impletu
935 565 1032 647 dicit,
1073 588 1147 633 con·

111 686 180 728 snm
208 660 250 726 ob
272 685 367 752 quem
396 662 504 729 dotum
537 655 601 749 sit,
628 675 774 730 secutam
797 690 866 733 uon
891 690 977 752 csse,
1006 666 1147 759 ideoque

113 763 352 833 condictionem
374 776 571 856 competere.
606 803 649 816 —
691 766 847 834 Collectis
874 769 974 860 igitur
994 772 1146 839 omuibus

115 867 531 956 speciebuscoodietionis,
555 865 702 956 quinque
724 868 949 955 inveniuntur,
975 882 1041 938 tros
1062 897 1146 963 quae
1196 937 1201 947 s

114 992 242 1037 consum
261 969 487 1060 praeteritum,
524 967 607 1035 dune
628 992 712 1058 qsrre
733 994 861 1037 causum
882 973 1023 1050 futuroru
1044 974 1147 1066 respi·
1222 1055 1224 1062 Ι

111 1072 225 1158 ciuut3
247 1095 384 1161 semper
414 1072 486 1137 siue
505 1094 623 1155 conon,
652 1071 813 1156 indebiti,
836 1074 878 1139 ob
900 1075 1053 1162 injustum
1075 1099 1148 1142 ceu·

111 1195 202 1258 som3
223 1211 267 1225 -
293 1174 484 1239 obtensum
507 1174 674 1259 dotorum,
708 1175 750 1241 ob
772 1171 900 1266 turpem
923 1200 1063 1242 cenum.
1107 1179 1147 1249 Ιιι

112 1275 233 1364 quibus
255 1276 396 1367 siugulis
417 1275 605 1365 speciebus.
624 1278 847 1345 describendis
879 1280 924 1344 its
950 1303 1003 1344 me
1024 1303 1146 1368 gerum,

111 1389 150 1442 ut
168 1388 344 1444 ostentum
366 1381 517 1462 sffersm,
551 1401 635 1466 quse
665 1379 706 1445 sd
731 1379 861 1470 generis
882 1391 1028 1447 naturum
1049 1390 1147 1469 utque

109 1478 254 1547 indolem
277 1480 514 1562 illustrandum,
534 1502 676 1579 easque,
699 1505 780 1570 ques
801 1482 906 1550 adbuc
929 1482 1068 1573 exposui
1089 1482 1147 1549 ob·

28 1644 32 1650 ,
113 1581 334 1662 servetioues,
356 1582 591 1648 confirmandos
611 1583 732 1649 volent.
754 1626 798 1638 -

194 1681 223 1744 Ι.
249 1681 422 1749 Condictio
443 1684 515 1752 siue
544 1707 651 1750 cause.
688 1684 728 1751 lu
741 1686 945 1753 condictione
962 1687 1034 1753 siue
1051 1708 1146 1754 cause

110 1783 144 1848 id
165 1782 309 1872 primum
329 1798 505 1852 memoratu
519 1786 652 1878 dignum
673 1788 815 1873 videtur,
837 1790 925 1878 quod
943 1789 1146 1880 Pomponius

108 1886 144 1951 iu
168 1886 193 1952 l.
216 1886 294 1970 52,
315 1898 347 1953 et
368 1886 491 1954 Paulus
521 1888 558 1954 in
584 1879 688 1956 [65.
712 1889 752 1981 ᾗ.
766 1890 801 1955 li.
823 1890 868 1955 Ι).
888 1891 929 1958 de
950 1889 1046 1957 cond.
1074 1890 1145 1959 iod.

107 1989 290 2073 affirmant,
321 1989 440 2059 sc..ob
460 2011 589 2055 causum
609 1989 816 2078 praeteritum
841 1991 929 2080 quod
951 1992 1145 2072 datumst,

106 2092 210 2159 vetuti
230 2091 321 2181 quod
339 2090 464 2180 aliquid
486 2114 504 2156 n
527 2100 559 2156 te
581 2102 776 2164 consecutus
799 2115 892 2175 sum,
915 2093 967 2157 vel
989 2091 1065 2181 quis
1086 2091 1146 2157 nli·

107 2195 188 2283 quid
210 2217 229 2259 u
250 2206 284 2259 tc
299 2193 419 2259 luctum
440 2202 517 2275 est,·
542 2191 640 2269 ¹etism
671 2193 699 2257 si
726 2194 807 2260 falso
829 2217 924 2260 ceusu
945 2194 1009 2275 sit,
1040 2192 1146 2281 repeti

107 2319 174 2361 uon
194 2320 304 2386 posse.
348 2294 412 2361 llic
432 2294 520 2361 euim
541 2293 613 2359 sius
635 2317 730 2359 conso
751 2296 852 2362 soluti
873 2294 1024 2384 repetitio
1046 2293 1143 2375 deuse

105 2399 175 2486 geri
193 2399 333 2465 ridetur.
388 2396 454 2465 Sed
479 2397 508 2463 si
528 2397 709 2464 sccurntius
731 2399 780 2464 rei
802 2411 954 2486 naturum
971 2395 1143 2481 intuearis,

106 2501 252 2588 quumvis
283 2501 366 2567 lnlso
403 2500 485 2566 milri
521 2500 765 2590 persuaserim,
797 2513 937 2566 ettamen
973 2523 1041 2565 non
1072 2498 1146 2564 siue
1274 2536 1276 2545 ι

105 2626 203 2669 censo
224 2603 333 2675 dotum
356 2603 508 2685 videtur,
530 2601 608 2691 quin
630 2602 750 2668 donare
773 2603 884 2682 volui,
907 2603 952 2668 ito
970 2613 1007 2692 ut
1026 2601 1063 2667 iu
1085 2603 1145 2667 buc

105 2705 177 2794 ipsa
198 2705 342 2771 donandi
362 2704 543 2773 intentione
561 2727 656 2770 consu
677 2705 739 2770 sito
759 2694 937 2790 videretur,
960 2703 1073 2794 nilque
1093 2725 1144 2769 re·
1182 2722 1185 2726 ·

104 2809 226 2890 ferret,
249 2832 313 2898 quo
336 2807 621 2893 redeundumne,
653 2831 772 2890 verone
793 2831 835 2874 ou
856 2808 938 2874 fuiss
960 2807 1024 2889 sit,
1059 2807 1144 2871 banc

105 2910 312 2976 donatiouem
331 2910 538 2977 contulerim.
563 2949 605 2962 -
1129 2980 1134 2986 ,

189 3013 361 3079 Praetereo
382 3022 516 3097 sutem,'
538 3012 627 3104 quod
649 3012 689 3080 de
707 3011 797 3095 omni
818 3008 1023 3078 condictione
1047 3031 1145 3099 geue·

107 3115 219 3181 ruliter
239 3116 411 3198 affirmavi,
444 3140 562 3206 nempe
593 3117 682 3207 quod
705 3139 746 3182 ex
767 3113 928 3206 nequitate
949 3111 1057 3178 omnin
1077 3108 1143 3178 me·
1249 3177 1252 3180 .

104 3217 246 3297 tinmur,
269 3216 302 3281 id
325 3217 413 3282 etin
437 3218 495 3284 buc
517 3219 627 3306 specio
654 3217 858 3308 exprimitur.
911 3216 960 3280 Iu
982 3215 1017 3281 iu
1035 3214 1060 3280 l.
1084 3214 1142 3282 50.

105 3318 150 3384 Ι).
168 3319 209 3386 de
227 3321 305 3405 jure
320 3319 386 3385 dot.
403 3319 562 3409 legimuss
587 3320 699 3404 „illud
720 3343 761 3385 cx
778 3320 863 3385 bona
881 3317 945 3383 lide
967 3326 1017 3382 est
1038 3326 1071 3382 et
1090 3337 1146 3383 ne·

104 3419 194 3510 gotio
227 3421 399 3505 convenit,
436 3417 647 3505 ut‘l'uudus‚
683 3420 878 3510 qussisine
907 3444 1003 3486 conso
1040 3440 1142 3509 penes

103 3523 254 3589 meritum
276 3547 348 3589 esse
370 3525 539 3613 coeperit,
569 3523 794 3591 condicatur?
843 3522 934 3588 Idem
964 3533 996 3588 et
1024 3544 1065 3586 ex
1085 3518 1144 3587 illn

103 3625 215 3715 specie
234 3626 441 3692 menifestum
460 3627 516 3712 lit,
546 3652 644 3718 quem
666 3627 827 3717 Ulpianus
848 3627 959 3690 refert.
1003 3615 1157 3717 Quserit
1196 3644 1199 3649 ·

105 3729 210 3794 euim:
248 3729 304 3810 „si
324 3752 462 3811 servus,
494 3729 553 3818 qni
582 3740 773 3796 testamento
799 3727 913 3793 heredi
936 3725 1051 3811 jussus
1076 3746 1103 3808 e,

104 3829 216 3896 decem
237 3830 313 3894 dure
344 3842 377 3896 et
407 3830 493 3898 liber
522 3855 615 3914 esse,
650 3830 812 3899 codicillis
842 3830 924 3919 pu're
958 3827 1145 3899 libertatem

49 3972 51 3976 »
104 3934 288 4021 occeperit,
323 3945 355 3998 et
382 3933 416 3998 id
448 3934 601 4023 ignoraus
632 3934 758 3999 dederit
784 3931 904 4024 heredi,
929 3931 1065 4013 decem,
1102 3949 1144 3990 eu

104 4046 250 4124 repetere
271 4035 396 4125 possiti
444 4036 487 4102 Et
508 4038 609 4102 refert
630 4035 768 4119 Celsus,
803 4045 927 4124 putrem
949 4055 1044 4098 suum
1068 4027 1143 4096 Cel·

106 4156 177 4202 sum
199 4136 421 4219 existimasse,
451 4150 600 4228 repetere
623 4162 697 4205 eum
719 4161 784 4205 ιιοιι
813 4160 925 4227 posse.
984 4133 1050 4202 Sed
1071 4131 1145 4223 ipse
