2572 4800
537 300 844 417 -nss

140 541 318 629 lqpmtqsp-
335 536 792 633 quntum-sibivpotentium
818 537 975 607 Scaevola
995 553 1191 626 assumeret,
1275 530 1279 541 ⁵

138 636 289 723 sinum
310 644 445 720 puderet
465 653 693 719 testamentum
717 643 826 709 faeere
853 656 966 732 postea
1000 644 1065 710 nisi
1088 646 1129 710 de
1152 647 1191 712 il-

138 738 204 825 lius
223 748 421 823 nerstentiu.⁴
446 747 538 819 Haec
571 770 672 836 quum
705 747 848 836 graviter
875 747 1005 821 tumul»
1030 749 1192 838 exemplis
1268 802 1274 810 .

139 854 305 944 dupiosu,¹
322 851 528 935 turnaurie,
560 863 628 919 tum
652 851 748 953 etium
772 851 912 916 ridicule
942 862 975 916 et
996 852 1107 921 ¹fucete
1136 876 1191 917 ex·

138 960 287 1051 plieens,
313 981 396 1027 eum,
407 955 656 1027 admirationem
685 978 924 1044 assensumque
944 956 1102 1029 omnium
1124 980 1192 1021 mo·

100 1102 102 1107 ·
138 1063 413 1147 mintionem
444 1071 697 1128 contrun'emo¹
716 1059 915 1131 uideretur”.
962 1060 1027 1125 Sed
1050 1061 1104 1126 lrie
1132 1059 1191 1126 ali·

116 1151 334 1258 ¹'quantulum
356 1165 588 1246 subsistamus,
612 1162 805 1252 priusquam
828 1163 868 1237 od
891 1163 953 1228 ulie
976 1186 1191 1252 properemus

137 1272 300 1361 exemplu.
358 1267 601 1339 Testimonium
625 1266 745 1341 ,enim'
769 1277 819 1331 est
852 1266 1085 1356 perspieunm,
1121 1289 1190 1331 nou

138 1373 239 1441 rerba
261 1374 368 1462 solum
390 1384 518 1452 tenere,
542 1369 601 1437 sed
623 1369 765 1439 solutius
791 1370 968 1459 equitatem
996 1370 1094 1460 sequi
1114 1370 1192 1448 soli-

136 1489 188 1545 tos
208 1489 283 1544 esse
305 1476 434 1544 Cvires.
480 1474 587 1539 Crosa
612 1472 715 1555 enim,
743 1484 779 1537 ut
800 1472 917 1539 Cicero
931 1473 999 1555 ait„
1013 1473 1087 1540 talis
1111 1474 1189 1555 fuit,

138 1581 198 1651 ubi
220 1581 251 1647 si
278 1581 377 1647 verbu
403 1602 469 1645 nun
492 1601 561 1644 rem
583 1599 819 1667 sequeremur,
848 1577 967 1643 eonliei
988 1576 1037 1642 nil
1057 1571 1188 1666 posset,

138 1685 173 1751 in
197 1707 261 1773 qua
285 1681 471 1772 quid-juris
492 1679 600 1748 civilis
623 1679 760 1751 seientia
781 1679 901 1746 Crasso
922 1681 1099 1770 profuerit,
1124 1704 1191 1746 non

138 1785 358 1875 intelligitur,
390 1784 523 1851 dieendi
553 1782 609 1850 vis·
632 1782 770 1874 egregia,
798 1806 924 1848 summu
955 1783 1131 1852 festivitate
1159 1796 1192 1850 et

137 1900 308 1957 venustate
331 1889 506 1975 conjunctu
534 1885 689 1978 proterit.
713 1921 755 1937 ·-
784 1884 828 1950 Et
850 1886 934 1951 hune
959 1885 1093 1974 quidem
1115 1885 1190 1954 cvi-

138 1992 242 2081 mlem
267 2015 398 2059 eausam
429 1990 547 2058 Cicero
581 1990 655 2080 ipse
684 1988 749 2055 sibi
779 1987 813 2052 in
838 2000 919 2054 orat.
943 2013 1004 2079 pro
1026 1988 1191 2056 Cueeinne

137 2119 168 2163 et
185 2097 241 2163 18.
265 2095 454 2185 exemplum
481 2091 602 2177 sumit,
638 2092 728 2183 quod
750 2091 938 2157 testimonio
961 2092 1027 2177 sit,
1061 2118 1127 2159 non
1149 2118 1190 2159 ex

136 2199 247 2267 verbis
270 2210 382 2288 aptum
405 2197 547 2287 pendere
564 2197 642 2284 jus,
666 2196 724 2261 sed
746 2194 844 2263 verba
873 2197 996 2263 servire
1018 2197 1189 2264 hominum

137 2301 288 2372 consiliis
310 2314 343 2367 et
366 2300 601 2367 voluntatibus.
647 2297 820 2381 „ornum
844 2299 977 2390 inquit,
1001 2302 1189 2390 etcopiose

137 2404 492 2497 L.·Grussus,slromo
513 2403 612 2492 longe
638 2403 949 2494 eloquentissimus,
978 2405 1076 2493 paulo
1098 2416 1187 2470 ante·

138 2530 323 2597 quam-nos
345 2493 510 2575 interum
533 2505 696 2588 venimus,
714 2506 843 2592 judicio
865 2507 989 2575 Cvirali
1009 2511 1093 2575 hune
1114 2533 1188 2575 sen·

137 2610 456 2693 tentiamdot'endit,
481 2621 514 2677 et
532 2609 630 2675 fueile
652 2633 755 2700 quum
778 2623 890 2676 eontra
910 2637 984 2677 eum
1002 2612 1188 2703 prudentis·

138 2715 241 2788 simus
265 2716 383 2799 lromo,
425 2712 469 2798 Q.
493 2713 626 2780 Murius
661 2713 802 2798 diceret,
836 2715 987 2806 probavit
1019 2714 1188 2799 omnibus,

138 2815 200 2883 M?
218 2816 377 2898 Curium,
400 2817 460 2909 qui
490 2819 587 2884 heres
623 2817 792 2884 institutus
832 2830 919 2890 esset
951 2817 1014 2882 itur
1058 2829 1188 2883 mortno

133 2932 290 3012 ,postumo
311 2922 396 3006 filio,
421 2947 523 3014 quum
544 2922 634 2989 lilius
656 2947 722 2989 non
743 2924 839 2989 modo
857 2947 924 2989 non
945 2935 1108 3005 mortuus,
1128 2919 1187 2989 sed

137 3049 181 3109 ne
201 3039 298 3093 nutus
319 3029 452 3117 quidem
471 3039 578 3110 esset,
602 3027 754 3093 heredem
776 3052 847 3094 esse
869 3041 1034 3119 oportere.
1076 3027 1188 3112 Quid't

137 3130 248 3196 verbis
268 3129 348 3196 satis
370 3132 433 3196 lroe
456 3142 587 3197 erutum
609 3130 701 3196 eruti
729 3131 877 3197 minime.
933 3130 1025 3216 Quae
1047 3154 1100 3194 res
1126 3129 1188 3220 igi·

138 3244 193 3299 tur
213 3232 340 3300 valuit?
381 3231 565 3320 Voluntus3
600 3257 684 3323 quae
716 3233 746 3299 si
777 3235 883 3301 teritis
917 3235 1014 3301 nohis
1043 3233 1187 3322 intelligi

138 3345 271 3426 posset,
292 3334 403 3402 uerbis
422 3338 557 3403 omnino
579 3362 647 3404 non
667 3349 855 3404 uteremur-2
879 3339 957 3429 quie
977 3361 1044 3405 uon
1063 3349 1186 3426 potest,

136 3437 237 3506 verbu
266 3449 397 3527 reperto
434 3450 531 3522 sunt,
569 3465 636 3507 uon
662 3465 747 3531 quae
777 3442 996 3531 impedirent,
1019 3443 1077 3508 sed
1102 3465 1187 3532 quue
1251 3461 1255 3466 ·

137 3541 321 3609 indicerent
341 3543 574 3610 voluntatem&
630 3545 726 3613 Unde
756 3557 866 3639 putet,
902 3546 1062 3613 leniorem
1095 3545 1186 3610 illum

136 3655 170 3711 et
190 3645 347 3734 aequitati
373 3647 475 3737 magis
497 3649 767 3733 convenientem,
799 3673 815 3714 u
838 3650 946 3716 verbis
969 3673 1046 3715 vero
1068 3649 1186 3714 ulrlror·

136 3761 263 3814 rentem
288 3751 482 3817 sententiam
504 3752 592 3841 apud
610 3751 726 3820 Cviros
748 3752 944 3819 obtinuisse.
968 3789 1009 3804 -
1036 3752 1119 3818 Item
1144 3751 1185 3818 C.

137 3852 296 3919 Albutius
333 3853 445 3939 Silus,
478 3855 713 3940 Novaniensis,
744 3857 853 3923 clarus
886 3868 1012 3938 orator,
1050 3855 1091 3919 de
1119 3877 1188 3943 quo

139 3954 321 4025 Suetonius
346 3960 382 4024 iu
416 3959 514 4026 oleris
545 3963 729 4028 oratoribus
752 3985 854 4052 panea
885 3971 1014 4040 narrat,
1054 3957 1089 4023 in
1128 3958 1189 4024 lite

137 4060 278 4149 quadum
299 4060 423 4129 Cvimli
448 4064 661 4149 edversario,¹
690 4090 787 4155 quem
812 4077 847 4131 ut
872 4064 1010 4153 impium
1034 4085 1110 4152 erge
1130 4085 1189 4151 pu·

134 4174 245 4232 rentes
267 4164 472 4254 ineesselrut,
505 4169 740 4257 jusjurandum
769 4170 865 4260 quusi
893 4193 954 4260 per
982 4168 1120 4259 ligurum
1142 4166 1190 4234 ita

72 4496 130 4512 *—
