<?xml version="1.0" encoding="UTF-8"?>
<!DOCTYPE html PUBLIC "-//W3C//DTD XHTML 1.0 Transitional//EN"
    "http://www.w3.org/TR/xhtml1/DTD/xhtml1-transitional.dtd">
<html xmlns="http://www.w3.org/1999/xhtml" xml:lang="en" lang="en">
 <head>
  <title>
</title>
<meta http-equiv="Content-Type" content="text/html;charset=utf-8" />
  <meta name='ocr-system' content='tesseract 3.04.00' />
  <meta name='ocr-capabilities' content='ocr_page ocr_carea ocr_par ocr_line ocrx_word'/>
</head>
<body>
  <div class='ocr_page' id='page_1' title='image "./deromanorumjudi00bachgoog_0027.png"; bbox 0 0 2572 4800; ppageno 0'>
   <div class='ocr_carea' id='block_1_1' title="bbox 514 386 770 495">
    <p class='ocr_par' dir='ltr' id='par_1_1' title="bbox 514 386 770 495">
     <span class='ocr_line' id='line_1_1' title="bbox 514 386 770 495; baseline -0.004 -21"><span class='ocrx_word' id='word_1_1' title='bbox 514 386 770 495; x_wconf 69' lang='lat'>...22-</span> 
     </span>
    </p>
   </div>
   <div class='ocr_carea' id='block_1_2' title="bbox 12 614 1185 2975">
    <p class='ocr_par' dir='ltr' id='par_1_2' title="bbox 12 614 1185 2768">
     <span class='ocr_line' id='line_1_2' title="bbox 121 614 1166 710; baseline -0.001 -27"><span class='ocrx_word' id='word_1_2' title='bbox 121 629 254 710; x_wconf 80' lang='lat' dir='ltr'><strong>praeter</strong></span> <span class='ocrx_word' id='word_1_3' title='bbox 275 618 314 682; x_wconf 99' lang='grc' dir='ltr'><strong>Β.</strong></span> <span class='ocrx_word' id='word_1_4' title='bbox 338 617 378 682; x_wconf 91' lang='lat' dir='ltr'><strong>P.</strong></span> <span class='ocrx_word' id='word_1_5' title='bbox 404 627 516 693; x_wconf 82' lang='lat' dir='ltr'><strong>eontra</strong></span> <span class='ocrx_word' id='word_1_6' title='bbox 537 617 664 682; x_wconf 88' lang='lat' dir='ltr'><strong>tabulas</strong></span> <span class='ocrx_word' id='word_1_7' title='bbox 697 615 814 682; x_wconf 74' lang='lat' dir='ltr'><strong>dabatr</strong></span> <span class='ocrx_word' id='word_1_8' title='bbox 854 616 1038 706; x_wconf 87' lang='lat' dir='ltr'><strong>praeteritis</strong></span> <span class='ocrx_word' id='word_1_9' title='bbox 1065 614 1166 698; x_wconf 85' lang='lat' dir='ltr'><strong>enirn,</strong></span> 
     </span>
     <span class='ocr_line' id='line_1_3' title="bbox 61 719 1168 802; baseline -0.006 -11"><span class='ocrx_word' id='word_1_10' title='bbox 61 785 64 791; x_wconf 86' lang='lat'><em>.</em></span> <span class='ocrx_word' id='word_1_11' title='bbox 123 746 191 788; x_wconf 85' lang='lat' dir='ltr'><strong>rron</strong></span> <span class='ocrx_word' id='word_1_12' title='bbox 214 719 420 787; x_wconf 77' lang='lat' dir='ltr'><strong>exheredatis</strong></span> <span class='ocrx_word' id='word_1_13' title='bbox 443 742 480 785; x_wconf 86' lang='lat' dir='ltr'><strong>ea</strong></span> <span class='ocrx_word' id='word_1_14' title='bbox 504 719 652 785; x_wconf 87' lang='lat' dir='ltr'><strong>dabatur.</strong></span> <span class='ocrx_word' id='word_1_15' title='bbox 706 719 805 802; x_wconf 89' lang='lat' dir='ltr'><strong>Quod</strong></span> <span class='ocrx_word' id='word_1_16' title='bbox 834 719 863 784; x_wconf 86' lang='lat' dir='ltr'><strong>si</strong></span> <span class='ocrx_word' id='word_1_17' title='bbox 892 730 995 784; x_wconf 89' lang='lat' dir='ltr'><strong>mater</strong></span> <span class='ocrx_word' id='word_1_18' title='bbox 1023 729 1093 785; x_wconf 88' lang='lat' dir='ltr'><strong>erat</strong></span> <span class='ocrx_word' id='word_1_19' title='bbox 1109 729 1168 784; x_wconf 77' lang='lat' dir='ltr'><strong>&#39;te-</strong></span> 
     </span>
     <span class='ocr_line' id='line_1_4' title="bbox 123 821 1167 913; baseline -0.004 -23"><span class='ocrx_word' id='word_1_20' title='bbox 123 825 256 906; x_wconf 67' lang='lat' dir='ltr'><strong>sutrin,</strong></span> <span class='ocrx_word' id='word_1_21' title='bbox 289 847 331 889; x_wconf 80' lang='lat' dir='ltr'><strong>ae</strong></span> <span class='ocrx_word' id='word_1_22' title='bbox 353 824 496 913; x_wconf 84' lang='lat' dir='ltr'><strong>cogitare</strong></span> <span class='ocrx_word' id='word_1_23' title='bbox 520 823 652 911; x_wconf 87' lang='lat' dir='ltr'><strong>quidem</strong></span> <span class='ocrx_word' id='word_1_24' title='bbox 676 833 826 911; x_wconf 88' lang='lat' dir='ltr'><strong>poterant</strong></span> <span class='ocrx_word' id='word_1_25' title='bbox 848 821 906 905; x_wconf 86' lang='lat' dir='ltr'><strong>bi,</strong></span> <span class='ocrx_word' id='word_1_26' title='bbox 939 823 998 912; x_wconf 87' lang='lat' dir='ltr'><strong>qui</strong></span> <span class='ocrx_word' id='word_1_27' title='bbox 1019 847 1081 911; x_wconf 89' lang='lat' dir='ltr'><strong>per</strong></span> <span class='ocrx_word' id='word_1_28' title='bbox 1100 846 1167 887; x_wconf 88' lang='lat' dir='ltr'><strong>ma·</strong></span> 
     </span>
     <span class='ocr_line' id='line_1_5' title="bbox 122 924 1167 1009; baseline -0.004 -15"><span class='ocrx_word' id='word_1_29' title='bbox 122 939 204 994; x_wconf 86' lang='lat' dir='ltr'><strong>trem</strong></span> <span class='ocrx_word' id='word_1_30' title='bbox 227 927 487 1009; x_wconf 77' lang='lat' dir='ltr'><strong>descendebant,</strong></span> <span class='ocrx_word' id='word_1_31' title='bbox 517 927 557 992; x_wconf 86' lang='lat' dir='ltr'><strong>de</strong></span> <span class='ocrx_word' id='word_1_32' title='bbox 576 925 618 991; x_wconf 85' lang='grc' dir='ltr'><strong>Β.</strong></span> <span class='ocrx_word' id='word_1_33' title='bbox 638 925 681 990; x_wconf 88' lang='grc' dir='ltr'><strong>Ρ.</strong></span> <span class='ocrx_word' id='word_1_34' title='bbox 706 934 818 991; x_wconf 84' lang='lat' dir='ltr'><strong>eontra</strong></span> <span class='ocrx_word' id='word_1_35' title='bbox 839 924 987 990; x_wconf 81' lang='lat' dir='ltr'><strong>tabulas=</strong></span> <span class='ocrx_word' id='word_1_36' title='bbox 1010 925 1167 990; x_wconf 85' lang='lat' dir='ltr'><strong>adversus</strong></span> 
     </span>
     <span class='ocr_line' id='line_1_6' title="bbox 122 1026 1169 1097; baseline -0.005 0"><span class='ocrx_word' id='word_1_37' title='bbox 122 1029 209 1097; x_wconf 88' lang='lat' dir='ltr'><strong>enim</strong></span> <span class='ocrx_word' id='word_1_38' title='bbox 233 1039 462 1097; x_wconf 82' lang='lat' dir='ltr'><strong>testamentum</strong></span> <span class='ocrx_word' id='word_1_39' title='bbox 482 1029 625 1095; x_wconf 74' lang='lat' dir='ltr'><strong>feminae</strong></span> <span class='ocrx_word' id='word_1_40' title='bbox 648 1029 762 1094; x_wconf 83' lang='lat' dir='ltr'><strong>liberis</strong></span> <span class='ocrx_word' id='word_1_41' title='bbox 783 1029 824 1094; x_wconf 89' lang='grc' dir='ltr'><strong>Β.</strong></span> <span class='ocrx_word' id='word_1_42' title='bbox 842 1028 882 1093; x_wconf 91' lang='grc' dir='ltr'><strong>Ρ.</strong></span> <span class='ocrx_word' id='word_1_43' title='bbox 905 1040 1019 1095; x_wconf 76' lang='lat' dir='ltr'><strong>eontra</strong></span> <span class='ocrx_word' id='word_1_44' title='bbox 1041 1026 1169 1093; x_wconf 86' lang='lat' dir='ltr'><strong>tabulas</strong></span> 
     </span>
     <span class='ocr_line' id='line_1_7' title="bbox 122 1131 1169 1223; baseline -0.006 -24"><span class='ocrx_word' id='word_1_45' title='bbox 122 1157 189 1200; x_wconf 89' lang='lat' dir='ltr'><strong>nou</strong></span> <span class='ocrx_word' id='word_1_46' title='bbox 210 1133 316 1198; x_wconf 77' lang='lat' dir='ltr'><strong>detur.</strong></span> <span class='ocrx_word' id='word_1_47' title='bbox 377 1131 418 1198; x_wconf 92' lang='lat' dir='ltr'><strong>ln</strong></span> <span class='ocrx_word' id='word_1_48' title='bbox 445 1142 625 1199; x_wconf 87' lang='lat' dir='ltr'><strong>extremum</strong></span> <span class='ocrx_word' id='word_1_49' title='bbox 647 1132 749 1223; x_wconf 84' lang='lat' dir='ltr'><strong>igitur</strong></span> <span class='ocrx_word' id='word_1_50' title='bbox 780 1131 966 1197; x_wconf 81' lang='lat' dir='ltr'><strong>subsidium</strong></span> <span class='ocrx_word' id='word_1_51' title='bbox 997 1131 1169 1196; x_wconf 86' lang='lat' dir='ltr'><strong>inductum</strong></span> 
     </span>
     <span class='ocr_line' id='line_1_8' title="bbox 123 1234 1170 1323; baseline -0.005 -20"><span class='ocrx_word' id='word_1_52' title='bbox 123 1248 191 1317; x_wconf 87' lang='lat' dir='ltr'><strong>est,</strong></span> <span class='ocrx_word' id='word_1_53' title='bbox 230 1245 280 1307; x_wconf 72' lang='lat' dir='ltr'><strong>nt,</strong></span> <span class='ocrx_word' id='word_1_54' title='bbox 297 1234 398 1302; x_wconf 92' lang='lat' dir='ltr'><strong>liberi</strong></span> <span class='ocrx_word' id='word_1_55' title='bbox 440 1234 480 1301; x_wconf 86' lang='lat' dir='ltr'><strong>de</strong></span> <span class='ocrx_word' id='word_1_56' title='bbox 520 1236 706 1302; x_wconf 85' lang='lat' dir='ltr'><strong>inofficioso</strong></span> <span class='ocrx_word' id='word_1_57' title='bbox 742 1246 937 1303; x_wconf 85' lang='lat' dir='ltr'><strong>testamenta</strong></span> <span class='ocrx_word' id='word_1_58' title='bbox 967 1257 1062 1323; x_wconf 77' lang='lat' dir='ltr'><strong>agere</strong></span> <span class='ocrx_word' id='word_1_59' title='bbox 1092 1256 1170 1322; x_wconf 88' lang='lat' dir='ltr'><strong>pos·</strong></span> 
     </span>
     <span class='ocr_line' id='line_1_9' title="bbox 122 1336 1185 1407; baseline 0.002 -4"><span class='ocrx_word' id='word_1_60' title='bbox 122 1339 201 1404; x_wconf 89' lang='lat' dir='ltr'><strong>sint.</strong></span> <span class='ocrx_word' id='word_1_61' title='bbox 227 1385 237 1405; x_wconf 88' lang='lat'><strong>.</strong></span> <span class='ocrx_word' id='word_1_62' title='bbox 263 1385 272 1404; x_wconf 87' lang='lat'>.</span> <span class='ocrx_word' id='word_1_63' title='bbox 298 1386 307 1403; x_wconf 91' lang='lat'><em>.</em></span> <span class='ocrx_word' id='word_1_64' title='bbox 358 1338 483 1404; x_wconf 88' lang='lat' dir='ltr'><strong>Verum</strong></span> <span class='ocrx_word' id='word_1_65' title='bbox 506 1351 584 1406; x_wconf 89' lang='lat' dir='ltr'><strong>tune</strong></span> <span class='ocrx_word' id='word_1_66' title='bbox 603 1341 736 1407; x_wconf 86' lang='lat' dir='ltr'><strong>demum</strong></span> <span class='ocrx_word' id='word_1_67' title='bbox 759 1339 886 1405; x_wconf 73' lang='lat' dir='ltr'><strong>utiliter</strong></span> <span class='ocrx_word' id='word_1_68' title='bbox 915 1337 1091 1403; x_wconf 87' lang='lat' dir='ltr'><strong>intendunt</strong></span> <span class='ocrx_word' id='word_1_69' title='bbox 1119 1336 1185 1405; x_wconf 89' lang='lat' dir='ltr'><strong>in·.</strong></span> 
     </span>
     <span class='ocr_line' id='line_1_10' title="bbox 123 1432 1169 1531; baseline 0 -25"><span class='ocrx_word' id='word_1_70' title='bbox 123 1439 264 1508; x_wconf 83' lang='lat' dir='ltr'><strong>officiosi</strong></span> <span class='ocrx_word' id='word_1_71' title='bbox 297 1442 478 1531; x_wconf 81' lang='lat' dir='ltr'><strong>querelam,</strong></span> <span class='ocrx_word' id='word_1_72' title='bbox 501 1466 603 1531; x_wconf 89' lang='lat' dir='ltr'><strong>quum</strong></span> <span class='ocrx_word' id='word_1_73' title='bbox 632 1443 722 1508; x_wconf 88' lang='lat' dir='ltr'><strong>omni</strong></span> <span class='ocrx_word' id='word_1_74' title='bbox 747 1441 872 1523; x_wconf 82' lang='lat' dir='ltr'><strong>auxilie</strong></span> <span class='ocrx_word' id='word_1_75' title='bbox 901 1432 1049 1506; x_wconf 86' lang='lat' dir='ltr'><strong>destituti</strong></span> <span class='ocrx_word' id='word_1_76' title='bbox 1078 1451 1169 1506; x_wconf 82' lang='lat' dir='ltr'><strong>sunt.</strong></span> 
     </span>
     <span class='ocr_line' id='line_1_11' title="bbox 122 1542 1172 1631; baseline 0.001 -22"><span class='ocrx_word' id='word_1_77' title='bbox 122 1542 207 1609; x_wconf 84' lang='lat' dir='ltr'><strong>Nam</strong></span> <span class='ocrx_word' id='word_1_78' title='bbox 229 1543 380 1611; x_wconf 85' lang='lat' dir='ltr'><strong>ultimum</strong></span> <span class='ocrx_word' id='word_1_79' title='bbox 409 1545 608 1631; x_wconf 86' lang='lat' dir='ltr'><strong>adjutorium</strong></span> <span class='ocrx_word' id='word_1_80' title='bbox 637 1557 688 1611; x_wconf 90' lang='lat' dir='ltr'><strong>est</strong></span> <span class='ocrx_word' id='word_1_81' title='bbox 709 1546 752 1629; x_wconf 91' lang='lat' dir='ltr'><strong>Q.</strong></span> <span class='ocrx_word' id='word_1_82' title='bbox 777 1544 829 1610; x_wconf 84' lang='lat'><strong>1.”</strong></span> <span class='ocrx_word' id='word_1_83' title='bbox 851 1583 894 1596; x_wconf 91' lang='lat'><strong>--</strong></span> <span class='ocrx_word' id='word_1_84' title='bbox 942 1543 1115 1608; x_wconf 85' lang='lat' dir='ltr'><strong>Praeterea</strong></span> <span class='ocrx_word' id='word_1_85' title='bbox 1138 1554 1172 1610; x_wconf 85' lang='lat' dir='ltr'><strong>et</strong></span> 
     </span>
     <span class='ocr_line' id='line_1_12' title="bbox 76 1630 1168 1739; baseline 0.005 -28"><span class='ocrx_word' id='word_1_86' title='bbox 76 1670 80 1678; x_wconf 85' lang='grc'><strong>’</strong></span> <span class='ocrx_word' id='word_1_87' title='bbox 108 1646 186 1739; x_wconf 68' lang='lat' dir='ltr'><strong>=aliu</strong></span> <span class='ocrx_word' id='word_1_88' title='bbox 206 1646 387 1712; x_wconf 74' lang='lat' dir='ltr'><strong>certissime</strong></span> <span class='ocrx_word' id='word_1_89' title='bbox 407 1645 501 1711; x_wconf 86' lang='lat' dir='ltr'><strong>illius</strong></span> <span class='ocrx_word' id='word_1_90' title='bbox 523 1647 661 1735; x_wconf 87' lang='lat' dir='ltr'><strong>originis</strong></span> <span class='ocrx_word' id='word_1_91' title='bbox 683 1647 805 1712; x_wconf 86' lang='lat' dir='ltr'><strong>indicia</strong></span> <span class='ocrx_word' id='word_1_92' title='bbox 823 1630 902 1736; x_wconf 84' lang='lat' dir='ltr'><strong>prae</strong></span> <span class='ocrx_word' id='word_1_93' title='bbox 923 1669 959 1712; x_wconf 91' lang='lat' dir='ltr'><strong>se</strong></span> <span class='ocrx_word' id='word_1_94' title='bbox 981 1647 1047 1712; x_wconf 81' lang='lat' dir='ltr'><strong>sert</strong></span> <span class='ocrx_word' id='word_1_95' title='bbox 1068 1646 1111 1729; x_wconf 98' lang='lat' dir='ltr'><strong>Q</strong></span> <span class='ocrx_word' id='word_1_96' title='bbox 1139 1646 1168 1716; x_wconf 81' lang='lat' dir='ltr'><strong>l·</strong></span> 
     </span>
     <span class='ocr_line' id='line_1_13' title="bbox 122 1747 1170 1839; baseline 0.001 -26"><span class='ocrx_word' id='word_1_97' title='bbox 122 1748 215 1833; x_wconf 82' lang='lat' dir='ltr'><strong>Quid</strong></span> <span class='ocrx_word' id='word_1_98' title='bbox 244 1749 331 1814; x_wconf 89' lang='lat' dir='ltr'><strong>enim</strong></span> <span class='ocrx_word' id='word_1_99' title='bbox 354 1747 428 1834; x_wconf 85' lang='lat' dir='ltr'><strong>juri</strong></span> <span class='ocrx_word' id='word_1_100' title='bbox 456 1747 549 1815; x_wconf 78' lang='lat' dir='ltr'><strong>civili</strong></span> <span class='ocrx_word' id='word_1_101' title='bbox 581 1749 684 1838; x_wconf 87' lang='lat' dir='ltr'><strong>magis</strong></span> <span class='ocrx_word' id='word_1_102' title='bbox 711 1761 821 1839; x_wconf 88' lang='lat' dir='ltr'><strong>potest</strong></span> <span class='ocrx_word' id='word_1_103' title='bbox 853 1773 926 1823; x_wconf 84' lang='lat' dir='ltr'><strong>esse</strong></span> <span class='ocrx_word' id='word_1_104' title='bbox 954 1748 1170 1834; x_wconf 86' lang='lat' dir='ltr'><strong>eontrarium,</strong></span> 
     </span>
     <span class='ocr_line' id='line_1_14' title="bbox 122 1851 1170 1942; baseline 0.001 -25"><span class='ocrx_word' id='word_1_105' title='bbox 122 1851 264 1917; x_wconf 86' lang='lat' dir='ltr'><strong>eundern</strong></span> <span class='ocrx_word' id='word_1_106' title='bbox 288 1861 323 1917; x_wconf 87' lang='lat' dir='ltr'><strong>et</strong></span> <span class='ocrx_word' id='word_1_107' title='bbox 348 1872 411 1940; x_wconf 87' lang='lat' dir='ltr'><strong>pro</strong></span> <span class='ocrx_word' id='word_1_108' title='bbox 438 1860 532 1940; x_wconf 87' lang='lat' dir='ltr'><strong>parte</strong></span> <span class='ocrx_word' id='word_1_109' title='bbox 559 1861 733 1934; x_wconf 87' lang='lat' dir='ltr'><strong>testatum,</strong></span> <span class='ocrx_word' id='word_1_110' title='bbox 764 1875 825 1942; x_wconf 86' lang='lat' dir='ltr'><strong>pre</strong></span> <span class='ocrx_word' id='word_1_111' title='bbox 854 1863 947 1942; x_wconf 89' lang='lat' dir='ltr'><strong>parte</strong></span> <span class='ocrx_word' id='word_1_112' title='bbox 980 1852 1170 1918; x_wconf 85' lang='lat' dir='ltr'><strong>intestatum</strong></span> 
     </span>
     <span class='ocr_line' id='line_1_15' title="bbox 122 1954 1169 2045; baseline 0.002 -26"><span class='ocrx_word' id='word_1_113' title='bbox 122 1954 295 2038; x_wconf 83' lang='lat' dir='ltr'><strong>decedere,</strong></span> <span class='ocrx_word' id='word_1_114' title='bbox 318 1964 457 2045; x_wconf 78' lang='lat' dir='ltr'><strong>quarum</strong></span> <span class='ocrx_word' id='word_1_115' title='bbox 478 1976 588 2020; x_wconf 88' lang='lat' dir='ltr'><strong>rerum</strong></span> <span class='ocrx_word' id='word_1_116' title='bbox 604 1955 798 2020; x_wconf 90' lang='lat' dir='ltr'><strong>naturaliter</strong></span> <span class='ocrx_word' id='word_1_117' title='bbox 816 1955 902 2019; x_wconf 90' lang='lat' dir='ltr'><strong>inter</strong></span> <span class='ocrx_word' id='word_1_118' title='bbox 921 1978 958 2020; x_wconf 92' lang='lat' dir='ltr'><strong>se</strong></span> <span class='ocrx_word' id='word_1_119' title='bbox 972 1979 1083 2045; x_wconf 88' lang='lat' dir='ltr'><strong>pugna</strong></span> <span class='ocrx_word' id='word_1_120' title='bbox 1105 1967 1169 2038; x_wconf 85' lang='lat' dir='ltr'><strong>est,</strong></span> 
     </span>
     <span class='ocr_line' id='line_1_16' title="bbox 124 2056 1173 2148; baseline 0 -26"><span class='ocrx_word' id='word_1_121' title='bbox 124 2068 260 2126; x_wconf 81' lang='lat' dir='ltr'><strong>testatus</strong></span> <span class='ocrx_word' id='word_1_122' title='bbox 283 2069 316 2124; x_wconf 87' lang='lat' dir='ltr'><strong>et</strong></span> <span class='ocrx_word' id='word_1_123' title='bbox 340 2058 525 2124; x_wconf 84' lang='lat' dir='ltr'><strong>intestatus.</strong></span> <span class='ocrx_word' id='word_1_124' title='bbox 578 2056 806 2142; x_wconf 83' lang='lat' dir='ltr'><strong>Quodtamen</strong></span> <span class='ocrx_word' id='word_1_125' title='bbox 829 2057 938 2123; x_wconf 87' lang='lat' dir='ltr'><strong>Cviris</strong></span> <span class='ocrx_word' id='word_1_126' title='bbox 959 2081 1173 2148; x_wconf 84' lang='lat' dir='ltr'><strong>nequaquam</strong></span> 
     </span>
     <span class='ocr_line' id='line_1_17' title="bbox 122 2160 1172 2251; baseline -0.001 -24"><span class='ocrx_word' id='word_1_127' title='bbox 122 2161 302 2233; x_wconf 82' lang='lat' dir='ltr'><strong>absurdunt</strong></span> <span class='ocrx_word' id='word_1_128' title='bbox 322 2162 429 2227; x_wconf 84' lang='lat' dir='ltr'><strong>visum</strong></span> <span class='ocrx_word' id='word_1_129' title='bbox 451 2184 545 2244; x_wconf 88' lang='lat' dir='ltr'><strong>esse,</strong></span> <span class='ocrx_word' id='word_1_130' title='bbox 567 2161 711 2246; x_wconf 86' lang='lat' dir='ltr'><strong>Paulus,</strong></span> <span class='ocrx_word' id='word_1_131' title='bbox 730 2161 933 2250; x_wconf 79' lang='lat' dir='ltr'><strong>Papinianus</strong></span> <span class='ocrx_word' id='word_1_132' title='bbox 955 2172 988 2227; x_wconf 91' lang='lat' dir='ltr'><strong>et</strong></span> <span class='ocrx_word' id='word_1_133' title='bbox 1006 2160 1172 2251; x_wconf 83' lang='lat' dir='ltr'><strong>Ulpianus</strong></span> 
     </span>
     <span class='ocr_line' id='line_1_18' title="bbox 122 2263 1169 2354; baseline 0.001 -26"><span class='ocrx_word' id='word_1_134' title='bbox 122 2287 227 2353; x_wconf 86' lang='lat' dir='ltr'><strong>aeque</strong></span> <span class='ocrx_word' id='word_1_135' title='bbox 245 2274 430 2350; x_wconf 79' lang='lat' dir='ltr'><strong>testantur3</strong></span> <span class='ocrx_word' id='word_1_136' title='bbox 456 2289 525 2354; x_wconf 83' lang='lat' dir='ltr'><strong>arg.</strong></span> <span class='ocrx_word' id='word_1_137' title='bbox 544 2263 567 2330; x_wconf 81' lang='lat' dir='ltr'><strong>l.</strong></span> <span class='ocrx_word' id='word_1_138' title='bbox 590 2264 645 2348; x_wconf 55' lang='lat'><strong>55</strong></span> <span class='ocrx_word' id='word_1_139' title='bbox 660 2266 723 2346; x_wconf 78' lang='lat'><strong>19,</strong></span> <span class='ocrx_word' id='word_1_140' title='bbox 745 2264 804 2330; x_wconf 73' lang='lat'><strong>24.</strong></span> <span class='ocrx_word' id='word_1_141' title='bbox 826 2263 870 2330; x_wconf 89' lang='lat' dir='ltr'><strong>D.</strong></span> <span class='ocrx_word' id='word_1_142' title='bbox 897 2265 937 2329; x_wconf 90' lang='lat' dir='ltr'><strong>de</strong></span> <span class='ocrx_word' id='word_1_143' title='bbox 955 2264 1048 2330; x_wconf 84' lang='lat' dir='ltr'><strong>inoff.</strong></span> <span class='ocrx_word' id='word_1_144' title='bbox 1073 2277 1169 2331; x_wconf 84' lang='lat' dir='ltr'><strong>testa.</strong></span> 
     </span>
     <span class='ocr_line' id='line_1_19' title="bbox 121 2366 1171 2461; baseline 0 -27"><span class='ocrx_word' id='word_1_145' title='bbox 121 2368 213 2461; x_wconf 82' lang='lat' dir='ltr'><strong>llaec</strong></span> <span class='ocrx_word' id='word_1_146' title='bbox 227 2391 305 2434; x_wconf 83' lang='lat' dir='ltr'><strong>vero</strong></span> <span class='ocrx_word' id='word_1_147' title='bbox 319 2366 460 2433; x_wconf 87' lang='lat' dir='ltr'><strong>Cviralis</strong></span> <span class='ocrx_word' id='word_1_148' title='bbox 467 2367 588 2453; x_wconf 88' lang='lat' dir='ltr'><strong>judieii</strong></span> <span class='ocrx_word' id='word_1_149' title='bbox 599 2367 714 2456; x_wconf 84' lang='lat' dir='ltr'><strong>injure</strong></span> <span class='ocrx_word' id='word_1_150' title='bbox 729 2391 815 2435; x_wconf 83' lang='lat' dir='ltr'><strong>novo</strong></span> <span class='ocrx_word' id='word_1_151' title='bbox 825 2369 1053 2434; x_wconf 86' lang='lat' dir='ltr'><strong>constituendo</strong></span> <span class='ocrx_word' id='word_1_152' title='bbox 1065 2368 1114 2434; x_wconf 89' lang='lat' dir='ltr'><strong>vis</strong></span> <span class='ocrx_word' id='word_1_153' title='bbox 1124 2382 1171 2434; x_wconf 88' lang='lat' dir='ltr'><strong>at·</strong></span> 
     </span>
     <span class='ocr_line' id='line_1_20' title="bbox 123 2470 1172 2563; baseline 0.002 -25"><span class='ocrx_word' id='word_1_154' title='bbox 123 2494 190 2563; x_wconf 84' lang='lat' dir='ltr'><strong>que</strong></span> <span class='ocrx_word' id='word_1_155' title='bbox 209 2470 384 2539; x_wconf 79' lang='lat' dir='ltr'><strong>auctoritas</strong></span> <span class='ocrx_word' id='word_1_156' title='bbox 395 2481 428 2536; x_wconf 90' lang='lat' dir='ltr'><strong>et</strong></span> <span class='ocrx_word' id='word_1_157' title='bbox 444 2471 515 2560; x_wconf 89' lang='lat' dir='ltr'><strong>ipsa</strong></span> <span class='ocrx_word' id='word_1_158' title='bbox 531 2471 717 2540; x_wconf 82' lang='lat' dir='ltr'><strong>testimonio</strong></span> <span class='ocrx_word' id='word_1_159' title='bbox 728 2481 790 2552; x_wconf 86' lang='lat' dir='ltr'><strong>est,</strong></span> <span class='ocrx_word' id='word_1_160' title='bbox 804 2472 866 2538; x_wconf 86' lang='lat' dir='ltr'><strong>bes</strong></span> <span class='ocrx_word' id='word_1_161' title='bbox 879 2472 919 2536; x_wconf 88' lang='lat' dir='ltr'><strong>de</strong></span> <span class='ocrx_word' id='word_1_162' title='bbox 931 2472 1055 2560; x_wconf 88' lang='lat' dir='ltr'><strong>populo</strong></span> <span class='ocrx_word' id='word_1_163' title='bbox 1067 2472 1172 2540; x_wconf 84' lang='lat' dir='ltr'><strong>lectos</strong></span> 
     </span>
     <span class='ocr_line' id='line_1_21' title="bbox 12 2565 1172 2672; baseline 0.002 -33"><span class='ocrx_word' id='word_1_164' title='bbox 12 2565 14 2569; x_wconf 51' lang='grc'>’</span> <span class='ocrx_word' id='word_1_165' title='bbox 120 2575 255 2662; x_wconf 82' lang='lat' dir='ltr'><strong>judiees</strong></span> <span class='ocrx_word' id='word_1_166' title='bbox 266 2572 358 2637; x_wconf 84' lang='lat' dir='ltr'><strong>velut</strong></span> <span class='ocrx_word' id='word_1_167' title='bbox 369 2572 485 2663; x_wconf 88' lang='lat' dir='ltr'><strong>populi</strong></span> <span class='ocrx_word' id='word_1_168' title='bbox 502 2573 607 2663; x_wconf 83' lang='lat' dir='ltr'><strong>ipsius</strong></span> <span class='ocrx_word' id='word_1_169' title='bbox 623 2574 726 2640; x_wconf 88' lang='lat' dir='ltr'><strong>instar</strong></span> <span class='ocrx_word' id='word_1_170' title='bbox 740 2575 923 2640; x_wconf 82' lang='lat' dir='ltr'><strong>obtinuisse</strong></span> <span class='ocrx_word' id='word_1_171' title='bbox 942 2586 976 2640; x_wconf 93' lang='lat' dir='ltr'><strong>et</strong></span> <span class='ocrx_word' id='word_1_172' title='bbox 993 2577 1108 2664; x_wconf 89' lang='lat' dir='ltr'><strong>populi</strong></span> <span class='ocrx_word' id='word_1_173' title='bbox 1121 2579 1172 2672; x_wconf 92' lang='lat' dir='ltr'><strong>ip-</strong></span> 
     </span>
     <span class='ocr_line' id='line_1_22' title="bbox 122 2673 1172 2768; baseline -0.001 -25"><span class='ocrx_word' id='word_1_174' title='bbox 122 2677 192 2744; x_wconf 89' lang='lat' dir='ltr'><strong>sins</strong></span> <span class='ocrx_word' id='word_1_175' title='bbox 212 2673 322 2764; x_wconf 84' lang='lat' dir='ltr'><strong>legum</strong></span> <span class='ocrx_word' id='word_1_176' title='bbox 347 2674 552 2741; x_wconf 78' lang='lat' dir='ltr'><strong>ferendarum</strong></span> <span class='ocrx_word' id='word_1_177' title='bbox 572 2676 630 2763; x_wconf 88' lang='lat' dir='ltr'><strong>jus</strong></span> <span class='ocrx_word' id='word_1_178' title='bbox 650 2702 711 2768; x_wconf 87' lang='lat' dir='ltr'><strong>pra</strong></span> <span class='ocrx_word' id='word_1_179' title='bbox 726 2689 818 2768; x_wconf 88' lang='lat' dir='ltr'><strong>parte</strong></span> <span class='ocrx_word' id='word_1_180' title='bbox 833 2679 898 2745; x_wconf 82' lang='lat' dir='ltr'><strong>sibi</strong></span> <span class='ocrx_word' id='word_1_181' title='bbox 918 2679 1114 2746; x_wconf 84' lang='lat' dir='ltr'><strong>vindicasse.</strong></span> <span class='ocrx_word' id='word_1_182' title='bbox 1129 2720 1172 2742; x_wconf 80' lang='lat'>-</span> 
     </span>
    </p>

    <p class='ocr_par' dir='ltr' id='par_1_3' title="bbox 121 2777 1172 2975">
     <span class='ocr_line' id='line_1_23' title="bbox 172 2777 1172 2873; baseline 0.007 -28"><span class='ocrx_word' id='word_1_183' title='bbox 172 2844 174 2849; x_wconf 81' lang='grc'>,</span> <span class='ocrx_word' id='word_1_184' title='bbox 207 2777 284 2867; x_wconf 90' lang='lat' dir='ltr'><strong>Ipsa</strong></span> <span class='ocrx_word' id='word_1_185' title='bbox 307 2784 440 2862; x_wconf 87' lang='lat' dir='ltr'><strong>autem,</strong></span> <span class='ocrx_word' id='word_1_186' title='bbox 474 2802 560 2866; x_wconf 87' lang='lat' dir='ltr'><strong>qnae</strong></span> <span class='ocrx_word' id='word_1_187' title='bbox 582 2780 697 2865; x_wconf 85' lang='lat' dir='ltr'><strong>attuli,</strong></span> <span class='ocrx_word' id='word_1_188' title='bbox 721 2781 831 2864; x_wconf 79' lang='lat' dir='ltr'><strong>Pauli,</strong></span> <span class='ocrx_word' id='word_1_189' title='bbox 854 2781 1030 2873; x_wconf 87' lang='lat' dir='ltr'><strong>Papiniani</strong></span> <span class='ocrx_word' id='word_1_190' title='bbox 1056 2796 1089 2850; x_wconf 87' lang='lat' dir='ltr'><strong>et</strong></span> <span class='ocrx_word' id='word_1_191' title='bbox 1106 2785 1172 2851; x_wconf 89' lang='lat' dir='ltr'><strong>Ul-</strong></span> 
     </span>
     <span class='ocr_line' id='line_1_24' title="bbox 121 2880 1172 2975; baseline 0.002 -27"><span class='ocrx_word' id='word_1_192' title='bbox 121 2882 214 2973; x_wconf 86' lang='lat' dir='ltr'><strong>piani</strong></span> <span class='ocrx_word' id='word_1_193' title='bbox 242 2882 424 2972; x_wconf 77' lang='lat' dir='ltr'><strong>fragmenta</strong></span> <span class='ocrx_word' id='word_1_194' title='bbox 455 2880 680 2971; x_wconf 83' lang='lat' dir='ltr'><strong>quaestionem</strong></span> <span class='ocrx_word' id='word_1_195' title='bbox 718 2894 869 2968; x_wconf 87' lang='lat' dir='ltr'><strong>movent,</strong></span> <span class='ocrx_word' id='word_1_196' title='bbox 904 2887 1068 2975; x_wconf 84' lang='lat' dir='ltr'><strong>quomodo</strong></span> <span class='ocrx_word' id='word_1_197' title='bbox 1098 2886 1172 2952; x_wconf 89' lang='lat' dir='ltr'><strong>fieri</strong></span> 
     </span>
    </p>
   </div>
   <div class='ocr_carea' id='block_1_3' title="bbox 11 2983 1173 3087">
    <p class='ocr_par' dir='ltr' id='par_1_4' title="bbox 11 2983 1173 3087">
     <span class='ocr_line' id='line_1_25' title="bbox 11 2983 1173 3087; baseline 0.003 -35"><span class='ocrx_word' id='word_1_198' title='bbox 11 3060 23 3087; x_wconf 29' lang='grc' dir='ltr'><strong><em>κ</em></strong></span> <span class='ocrx_word' id='word_1_199' title='bbox 120 2983 287 3076; x_wconf 86' lang='lat' dir='ltr'><strong>potuerit,</strong></span> <span class='ocrx_word' id='word_1_200' title='bbox 316 2993 355 3050; x_wconf 87' lang='lat' dir='ltr'><strong>ut</strong></span> <span class='ocrx_word' id='word_1_201' title='bbox 381 2983 496 3066; x_wconf 83' lang='lat' dir='ltr'><strong>filias,</strong></span> <span class='ocrx_word' id='word_1_202' title='bbox 525 2985 707 3053; x_wconf 80' lang='lat' dir='ltr'><strong>inofliciosi</strong></span> <span class='ocrx_word' id='word_1_203' title='bbox 735 2987 868 3077; x_wconf 86' lang='lat' dir='ltr'><strong>querela</strong></span> <span class='ocrx_word' id='word_1_204' title='bbox 903 2989 1059 3055; x_wconf 85' lang='lat' dir='ltr'><strong>adversus</strong></span> <span class='ocrx_word' id='word_1_205' title='bbox 1087 2985 1173 3056; x_wconf 88' lang='lat' dir='ltr'><strong>duos</strong></span> 
     </span>
    </p>
   </div>
   <div class='ocr_carea' id='block_1_4' title="bbox 56 3079 1177 4214">
    <p class='ocr_par' dir='ltr' id='par_1_5' title="bbox 56 3079 1177 4214">
     <span class='ocr_line' id='line_1_26' title="bbox 111 3079 1173 3177; baseline 0.004 -24"><span class='ocrx_word' id='word_1_206' title='bbox 111 3079 261 3157; x_wconf 60' lang='lat' dir='ltr'><strong>&#39;heredes</strong></span> <span class='ocrx_word' id='word_1_207' title='bbox 284 3098 394 3171; x_wconf 87' lang='lat' dir='ltr'><strong>mota,</strong></span> <span class='ocrx_word' id='word_1_208' title='bbox 422 3087 568 3153; x_wconf 87' lang='lat' dir='ltr'><strong>diversas</strong></span> <span class='ocrx_word' id='word_1_209' title='bbox 597 3089 775 3155; x_wconf 84' lang='lat' dir='ltr'><strong>sententias</strong></span> <span class='ocrx_word' id='word_1_210' title='bbox 794 3089 946 3177; x_wconf 84' lang='lat' dir='ltr'><strong>judicum</strong></span> <span class='ocrx_word' id='word_1_211' title='bbox 966 3091 1103 3173; x_wconf 82' lang='lat' dir='ltr'><strong>tulerit,</strong></span> <span class='ocrx_word' id='word_1_212' title='bbox 1125 3103 1173 3173; x_wconf 67' lang='lat' dir='ltr'><strong>⁴et</strong></span> 
     </span>
     <span class='ocr_line' id='line_1_27' title="bbox 120 3180 1172 3281; baseline 0.001 -23"><span class='ocrx_word' id='word_1_213' title='bbox 120 3215 224 3258; x_wconf 87' lang='lat' dir='ltr'><strong>unum</strong></span> <span class='ocrx_word' id='word_1_214' title='bbox 244 3184 375 3273; x_wconf 77' lang='lat' dir='ltr'><strong>vicerit,</strong></span> <span class='ocrx_word' id='word_1_215' title='bbox 398 3188 440 3255; x_wconf 89' lang='lat' dir='ltr'><strong>ab</strong></span> <span class='ocrx_word' id='word_1_216' title='bbox 460 3180 563 3257; x_wconf 87' lang='lat' dir='ltr'><strong>altero</strong></span> <span class='ocrx_word' id='word_1_217' title='bbox 589 3214 666 3257; x_wconf 84' lang='lat' dir='ltr'><strong>vero</strong></span> <span class='ocrx_word' id='word_1_218' title='bbox 689 3191 732 3257; x_wconf 91' lang='lat' dir='ltr'><strong>sit</strong></span> <span class='ocrx_word' id='word_1_219' title='bbox 754 3195 951 3281; x_wconf 70' lang='lat' dir='ltr'><strong>superatus?</strong></span> <span class='ocrx_word' id='word_1_220' title='bbox 993 3194 1099 3280; x_wconf 86' lang='lat' dir='ltr'><strong>Cujus</strong></span> <span class='ocrx_word' id='word_1_221' title='bbox 1122 3194 1172 3259; x_wconf 92' lang='lat' dir='ltr'><strong>di-</strong></span> 
     </span>
     <span class='ocr_line' id='line_1_28' title="bbox 121 3291 1173 3383; baseline 0.001 -21"><span class='ocrx_word' id='word_1_222' title='bbox 121 3291 286 3363; x_wconf 81' lang='lat' dir='ltr'><strong>versitatis</strong></span> <span class='ocrx_word' id='word_1_223' title='bbox 309 3292 459 3383; x_wconf 85' lang='lat' dir='ltr'><strong>exempla</strong></span> <span class='ocrx_word' id='word_1_224' title='bbox 489 3306 523 3360; x_wconf 88' lang='lat' dir='ltr'><strong>et</strong></span> <span class='ocrx_word' id='word_1_225' title='bbox 554 3294 619 3360; x_wconf 79' lang='lat' dir='ltr'><strong>elia</strong></span> <span class='ocrx_word' id='word_1_226' title='bbox 648 3295 746 3362; x_wconf 87' lang='lat' dir='ltr'><strong>nobis</strong></span> <span class='ocrx_word' id='word_1_227' title='bbox 770 3296 866 3364; x_wconf 83' lang='lat' dir='ltr'><strong>obvia</strong></span> <span class='ocrx_word' id='word_1_228' title='bbox 897 3307 986 3363; x_wconf 88' lang='lat' dir='ltr'><strong>sunt.</strong></span> <span class='ocrx_word' id='word_1_229' title='bbox 1044 3298 1083 3362; x_wconf 94' lang='lat' dir='ltr'><strong>ln</strong></span> <span class='ocrx_word' id='word_1_230' title='bbox 1113 3299 1173 3364; x_wconf 90' lang='lat' dir='ltr'><strong>illa</strong></span> 
     </span>
     <span class='ocr_line' id='line_1_29' title="bbox 121 3395 1172 3467; baseline 0.003 -3"><span class='ocrx_word' id='word_1_231' title='bbox 121 3396 212 3464; x_wconf 87' lang='lat' dir='ltr'><strong>enirn</strong></span> <span class='ocrx_word' id='word_1_232' title='bbox 234 3398 275 3462; x_wconf 91' lang='lat' dir='ltr'><strong>de</strong></span> <span class='ocrx_word' id='word_1_233' title='bbox 304 3395 458 3462; x_wconf 85' lang='lat' dir='ltr'><strong>Variolae</strong></span> <span class='ocrx_word' id='word_1_234' title='bbox 489 3397 670 3464; x_wconf 86' lang='lat' dir='ltr'><strong>hereditate</strong></span> <span class='ocrx_word' id='word_1_235' title='bbox 700 3424 796 3467; x_wconf 88' lang='lat' dir='ltr'><strong>eausa</strong></span> <span class='ocrx_word' id='word_1_236' title='bbox 826 3411 959 3465; x_wconf 85' lang='lat' dir='ltr'><strong>secutus</strong></span> <span class='ocrx_word' id='word_1_237' title='bbox 981 3412 1031 3465; x_wconf 84' lang='lat' dir='ltr'><strong>est</strong></span> <span class='ocrx_word' id='word_1_238' title='bbox 1060 3402 1172 3467; x_wconf 88' lang='lat' dir='ltr'><strong>varius</strong></span> 
     </span>
     <span class='ocr_line' id='line_1_30' title="bbox 56 3498 1172 3601; baseline -0.002 -32"><span class='ocrx_word' id='word_1_239' title='bbox 56 3584 67 3601; x_wconf 83' lang='lat'><em>.</em></span> <span class='ocrx_word' id='word_1_240' title='bbox 122 3512 271 3569; x_wconf 86' lang='lat' dir='ltr'><strong>eventus.</strong></span> <span class='ocrx_word' id='word_1_241' title='bbox 316 3498 401 3566; x_wconf 83' lang='lat' dir='ltr'><strong>Nam</strong></span> <span class='ocrx_word' id='word_1_242' title='bbox 419 3500 554 3567; x_wconf 69' lang='lat' dir='ltr'><strong>‘duobus</strong></span> <span class='ocrx_word' id='word_1_243' title='bbox 575 3503 724 3570; x_wconf 81' lang='lat' dir='ltr'><strong>consiliis</strong></span> <span class='ocrx_word' id='word_1_244' title='bbox 754 3503 913 3585; x_wconf 84' lang='lat' dir='ltr'><strong>vicimus,</strong></span> <span class='ocrx_word' id='word_1_245' title='bbox 943 3502 1075 3568; x_wconf 89' lang='lat' dir='ltr'><strong>Plinius</strong></span> <span class='ocrx_word' id='word_1_246' title='bbox 1097 3527 1172 3568; x_wconf 89' lang='lat' dir='ltr'><strong>nar-</strong></span> 
     </span>
     <span class='ocr_line' id='line_1_31' title="bbox 120 3601 1172 3696; baseline 0.002 -25"><span class='ocrx_word' id='word_1_247' title='bbox 120 3615 192 3687; x_wconf 86' lang='lat' dir='ltr'><strong>rat,</strong></span> <span class='ocrx_word' id='word_1_248' title='bbox 223 3601 360 3677; x_wconf 88' lang='lat' dir='ltr'><strong>totidem</strong></span> <span class='ocrx_word' id='word_1_249' title='bbox 388 3603 468 3671; x_wconf 82' lang='lat' dir='ltr'><strong>vieti</strong></span> <span class='ocrx_word' id='word_1_250' title='bbox 499 3628 625 3672; x_wconf 88' lang='lat' dir='ltr'><strong>sumus.</strong></span> <span class='ocrx_word' id='word_1_251' title='bbox 691 3606 859 3673; x_wconf 86' lang='lat' dir='ltr'><strong>Notabilis</strong></span> <span class='ocrx_word' id='word_1_252' title='bbox 888 3629 1024 3696; x_wconf 88' lang='lat' dir='ltr'><strong>prorsus</strong></span> <span class='ocrx_word' id='word_1_253' title='bbox 1054 3630 1107 3671; x_wconf 89' lang='lat' dir='ltr'><strong>res</strong></span> <span class='ocrx_word' id='word_1_254' title='bbox 1137 3619 1172 3673; x_wconf 88' lang='lat' dir='ltr'><strong>et</strong></span> 
     </span>
     <span class='ocr_line' id='line_1_32' title="bbox 81 3707 1177 3796; baseline 0 -22"><span class='ocrx_word' id='word_1_255' title='bbox 81 3744 85 3748; x_wconf 95' lang='lat'>·</span> <span class='ocrx_word' id='word_1_256' title='bbox 119 3709 219 3774; x_wconf 73' lang='lat' dir='ltr'><strong>mirae</strong></span> <span class='ocrx_word' id='word_1_257' title='bbox 252 3709 365 3775; x_wconf 85' lang='lat' dir='ltr'><strong>eadem</strong></span> <span class='ocrx_word' id='word_1_258' title='bbox 383 3707 420 3773; x_wconf 92' lang='lat' dir='ltr'><strong>in</strong></span> <span class='ocrx_word' id='word_1_259' title='bbox 447 3730 566 3792; x_wconf 82' lang='lat' dir='ltr'><strong>eausa,</strong></span> <span class='ocrx_word' id='word_1_260' title='bbox 600 3709 718 3778; x_wconf 88' lang='lat' dir='ltr'><strong>iisdem</strong></span> <span class='ocrx_word' id='word_1_261' title='bbox 734 3708 928 3796; x_wconf 85' lang='lat' dir='ltr'><strong>jndicibus,</strong></span> <span class='ocrx_word' id='word_1_262' title='bbox 966 3708 1083 3774; x_wconf 88' lang='lat' dir='ltr'><strong>iisdem</strong></span> <span class='ocrx_word' id='word_1_263' title='bbox 1116 3709 1177 3774; x_wconf 55' lang='lat' dir='ltr'><strong>ads</strong></span> 
     </span>
     <span class='ocr_line' id='line_1_33' title="bbox 116 3810 1169 3901; baseline -0.002 -21"><span class='ocrx_word' id='word_1_264' title='bbox 116 3813 262 3895; x_wconf 81' lang='lat' dir='ltr'><strong>voeatis,</strong></span> <span class='ocrx_word' id='word_1_265' title='bbox 292 3810 408 3879; x_wconf 87' lang='lat' dir='ltr'><strong>eedem</strong></span> <span class='ocrx_word' id='word_1_266' title='bbox 428 3819 575 3901; x_wconf 86' lang='lat' dir='ltr'><strong>tempore</strong></span> <span class='ocrx_word' id='word_1_267' title='bbox 605 3823 694 3881; x_wconf 86' lang='lat' dir='ltr'><strong>tanta</strong></span> <span class='ocrx_word' id='word_1_268' title='bbox 715 3813 886 3881; x_wconf 84' lang='lat' dir='ltr'><strong>diversitas</strong></span> <span class='ocrx_word' id='word_1_269' title='bbox 922 3812 1041 3879; x_wconf 86' lang='lat' dir='ltr'><strong>accidit</strong></span> <span class='ocrx_word' id='word_1_270' title='bbox 1073 3835 1169 3897; x_wconf 82' lang='lat' dir='ltr'><strong>casu,</strong></span> 
     </span>
     <span class='ocr_line' id='line_1_34' title="bbox 118 3915 1172 4006; baseline 0.002 -26"><span class='ocrx_word' id='word_1_271' title='bbox 118 3916 209 4006; x_wconf 87' lang='lat' dir='ltr'><strong>quad</strong></span> <span class='ocrx_word' id='word_1_272' title='bbox 230 3938 298 3981; x_wconf 86' lang='lat' dir='ltr'><strong>non</strong></span> <span class='ocrx_word' id='word_1_273' title='bbox 321 3937 416 3993; x_wconf 79' lang='lat' dir='ltr'><strong>casus</strong></span> <span class='ocrx_word' id='word_1_274' title='bbox 438 3915 615 3982; x_wconf 86' lang='lat' dir='ltr'><strong>videretur.</strong></span> <span class='ocrx_word' id='word_1_275' title='bbox 637 3955 680 3968; x_wconf 92' lang='grc'>-</span> <span class='ocrx_word' id='word_1_276' title='bbox 711 3917 803 3984; x_wconf 88' lang='lat' dir='ltr'><strong>Idem</strong></span> <span class='ocrx_word' id='word_1_277' title='bbox 825 3915 1007 3983; x_wconf 86' lang='lat' dir='ltr'><strong>Marcellus</strong></span> <span class='ocrx_word' id='word_1_278' title='bbox 1030 3926 1172 3982; x_wconf 87' lang='lat' dir='ltr'><strong>testatur</strong></span> 
     </span>
     <span class='ocr_line' id='line_1_35' title="bbox 119 4017 1171 4109; baseline 0.004 -26"><span class='ocrx_word' id='word_1_279' title='bbox 119 4019 154 4084; x_wconf 91' lang='lat' dir='ltr'><strong>in</strong></span> <span class='ocrx_word' id='word_1_280' title='bbox 177 4018 218 4083; x_wconf 81' lang='lat' dir='ltr'><strong>L.</strong></span> <span class='ocrx_word' id='word_1_281' title='bbox 244 4019 302 4085; x_wconf 83' lang='lat'><strong>10.</strong></span> <span class='ocrx_word' id='word_1_282' title='bbox 323 4017 368 4083; x_wconf 91' lang='lat' dir='ltr'><strong>D.</strong></span> <span class='ocrx_word' id='word_1_283' title='bbox 391 4018 434 4084; x_wconf 86' lang='lat' dir='ltr'><strong>de</strong></span> <span class='ocrx_word' id='word_1_284' title='bbox 454 4019 547 4084; x_wconf 82' lang='lat' dir='ltr'><strong>inoff.</strong></span> <span class='ocrx_word' id='word_1_285' title='bbox 581 4031 709 4088; x_wconf 85' lang='lat' dir='ltr'><strong>testam.</strong></span> <span class='ocrx_word' id='word_1_286' title='bbox 758 4019 825 4104; x_wconf 85' lang='lat' dir='ltr'><strong>„Si</strong></span> <span class='ocrx_word' id='word_1_287' title='bbox 853 4044 929 4109; x_wconf 87' lang='lat' dir='ltr'><strong>pars</strong></span> <span class='ocrx_word' id='word_1_288' title='bbox 947 4018 1171 4105; x_wconf 86' lang='lat' dir='ltr'><strong>judicantium</strong></span> 
     </span>
     <span class='ocr_line' id='line_1_36' title="bbox 120 4112 1171 4214; baseline 0.004 -28"><span class='ocrx_word' id='word_1_289' title='bbox 120 4121 161 4186; x_wconf 87' lang='lat' dir='ltr'><strong>de</strong></span> <span class='ocrx_word' id='word_1_290' title='bbox 183 4121 370 4189; x_wconf 80' lang='lat' dir='ltr'><strong>inofficioso</strong></span> <span class='ocrx_word' id='word_1_291' title='bbox 392 4132 587 4190; x_wconf 84' lang='lat' dir='ltr'><strong>testamento</strong></span> <span class='ocrx_word' id='word_1_292' title='bbox 609 4112 723 4191; x_wconf 76' lang='lat' dir='ltr'><strong>eontra</strong></span> <span class='ocrx_word' id='word_1_293' title='bbox 742 4134 992 4207; x_wconf 80' lang='lat' dir='ltr'><strong>testamentum,</strong></span> <span class='ocrx_word' id='word_1_294' title='bbox 1024 4149 1100 4214; x_wconf 89' lang='lat' dir='ltr'><strong>pars</strong></span> <span class='ocrx_word' id='word_1_295' title='bbox 1121 4149 1171 4190; x_wconf 91' lang='lat' dir='ltr'><strong>se·</strong></span> 
     </span>
    </p>
   </div>
   <div class='ocr_carea' id='block_1_5' title="bbox 118 4225 1173 4317">
    <p class='ocr_par' dir='ltr' id='par_1_6' title="bbox 118 4225 1173 4317">
     <span class='ocr_line' id='line_1_37' title="bbox 118 4225 1173 4317; baseline 0 -24"><span class='ocrx_word' id='word_1_296' title='bbox 118 4225 263 4293; x_wconf 86' lang='lat' dir='ltr'><strong>eundum</strong></span> <span class='ocrx_word' id='word_1_297' title='bbox 294 4226 328 4292; x_wconf 93' lang='lat' dir='ltr'><strong>id</strong></span> <span class='ocrx_word' id='word_1_298' title='bbox 370 4225 565 4293; x_wconf 84' lang='lat' dir='ltr'><strong>sententiam</strong></span> <span class='ocrx_word' id='word_1_299' title='bbox 597 4227 744 4311; x_wconf 86' lang='lat' dir='ltr'><strong>dederit,</strong></span> <span class='ocrx_word' id='word_1_300' title='bbox 783 4227 872 4317; x_wconf 82' lang='lat' dir='ltr'><strong>quud</strong></span> <span class='ocrx_word' id='word_1_301' title='bbox 902 4227 1067 4294; x_wconf 89' lang='lat' dir='ltr'><strong>interdum</strong></span> <span class='ocrx_word' id='word_1_302' title='bbox 1097 4227 1173 4294; x_wconf 87' lang='lat' dir='ltr'><strong>lieri</strong></span> 
     </span>
    </p>
   </div>
   <div class='ocr_carea' id='block_1_6' title="bbox 0 0 1290 4800">
    <p class='ocr_par' dir='ltr' id='par_1_7' title="bbox 0 0 1290 4800">
     <span class='ocr_line' id='line_1_38' title="bbox 0 0 1290 4800; baseline 0 0"><span class='ocrx_word' id='word_1_303' title='bbox 0 0 1290 4800; x_wconf 95' lang='lat' dir='ltr'><strong> </strong></span> 
     </span>
    </p>
   </div>
  </div>
 </body>
</html>
