2572 4800
497 407 847 489 -522-.

117 615 266 705 potest,’'
294 612 466 699 nam-jure
487 609 635 700 gentium
666 608 795 676 condici
822 621 902 699 puto
922 615 1020 700 posse
1050 631 1105 676 res
1120 609 1163 677 ab

117 720 193 801 his,
230 718 288 807 qui
320 741 386 781 noo
410 738 450 780 ex
476 716 566 801 justa
593 736 689 778 eausa
711 711 892 800 possident.
928 748 972 763 --
1007 711 1163 780 Furtivae

119 823 220 913 igitur
247 830 439 908 emotaeque
467 817 515 882 rei
549 816 712 882 condictio
747 815 966 905 possessionis
996 814 1165 917 condictio

119 934 192 1006 est,
224 932 258 986 et
289 932 529 1010 consequenter
565 914 753 1007 indulgetur
785 918 954 984 domino
984 918 1068 1002 rei,
1108 920 1165 986 cui

117 1050 159 1091 ex
181 1025 303 1110 injusta
323 1047 419 1088 causa
448 1020 613 1111 possessio
646 1020 695 1085 rei
717 1020 819 1086 abest.
850 1060 893 1071 -
926 1020 1024 1104 Quod
1058 1021 1161 1088 muita

39 1113 45 1126 ,
117 1131 295 1216 fragmenta
317 1127 528 1210 confirmant,
550 1159 593 1175 ···
616 1144 687 1212 arg.
710 1122 850 1187 1.1.1).
876 1122 917 1187 de
938 1123 1036 1188 cond.
1061 1124 1159 1188 furta

121 1219 190 1311 „in
222 1230 341 1294 furtiva
377 1253 413 1294 re
441 1227 504 1293 soii
534 1225 665 1292 domino
698 1224 877 1290 condictio·
896 1225 1097 1313 competiF'r
1119 1263 1161 1276 -

118 1334 211 1399 111.
242 1331 273 1424 ᾖ
288 1333 345 1396 16.
371 1331 416 1396 1).
452 1331 493 1395 de
526 1329 640 1413 furtis3
670 1363 710 1379 -
742 1325 774 1418 §.
801 1328 859 1393 19.
890 1327 920 1392 Ι.
949 1328 990 1394 de
1021 1327 1155 1419 obligat.

119 1458 203 1525 quae
231 1459 272 1500 ex
312 1433 443 1499 delicto.
478 1456 529 1484 -·
550 1430 678 1514 Quodsi
705 1429 851 1515 ejusdcm
886 1432 934 1496 rei
964 1431 1159 1514 dominium,

119 1549 329 1626 posteaquam
354 1547 502 1625 surrepta
524 1537 643 1616 iuerat,
666 1532 843 1614 amiserim,
865 1557 1074 1624 consequeus
1096 1546 1159 1618 eat,

120 1650 153 1704 et
173 1640 411 1704 condictionem
434 1650 546 1727 postca
569 1658 716 1720 cessare,
739 1659 807 1725 arg.
831 1636 855 1701 1.
873 1638 928 1702 to.
943 1635 983 1728 §.
1002 1639 1036 1702 ii.
1057 1639 1101 1704 l).
1120 1639 1160 1705 ds

117 1740 375 1806 condict.'furt.
406 1739 620 1828 (Ulpianus)r
651 1738 799 1818 „tamdiu
831 1750 936 1804 autem
959 1741 1160 1807 condictioui

115 1841 306 1923 hauserit,
329 1844 434 1907 donec
448 1841 571 1906 domini
594 1842 679 1917 iacto
698 1833 877 1906 dominium
893 1841 966 1928 ejus
988 1843 1039 1920 roi
1058 1845 1100 1909 ab
1122 1868 1159 1911 eo

121 1943 274 2029 recedat,
309 1956 341 2009 et
370 1945 468 2026 ideo,
503 1943 533 2009 si
555 1968 622 2007 catu
646 1967 714 2009 rem
739 1944 951 2026 alienaverit,
988 1947 1158 2012 condicere

116 2072 186 2112 non
209 2047 364 2136 poterit”.
386 2085 427 2098 --
449 2045 571 2112 Eodem
596 2048 705 2128 ruodo,
727 2047 759 2111 si
778 2068 892 2112 servus
913 2047 1057 2113 iit-rtivns
1074 2048 1157 2136 lega·

120 2162 173 2214 tus
195 2148 318 2229 fuerit,
354 2151 450 2215 heres
471 2149 710 2215 condictionem
735 2150 821 2214 haud
848 2149 989 2238 amplius
1013 2151 1157 2233 habebit,

98 2240 198 2340 lquia
220 2251 400 2316 dominium
422 2254 508 2317 facto
530 2252 721 2334 testatoris,
743 2252 766 2316 i.
784 2276 814 2317 e.
837 2253 962 2318 domini
991 2253 1156 2340 discessit,

119 2378 189 2444 arg.
214 2353 238 2418 l.
255 2355 311 2418 10.
334 2352 366 2445 §.
382 2356 415 2419 3.
440 2354 484 2419 1).
509 2355 582 2421 eod.
626 2355 725 2420 (Ioui.
757 2355 781 2420 1.
803 2355 860 2420 11.
883 2380 936 2444 pr.
963 2356 1007 2421 1).
1033 2359 1157 2423 eodem.

120 2450 163 2508 ἑ·-
187 2455 213 2522 1.
235 2457 291 2520 54.
316 2455 346 2548 ξ.
363 2458 421 2523 11.
443 2454 488 2522 D.
512 2457 553 2523 dc
574 2459 653 2523 furt.
676 2495 720 2508 -
740 2457 765 2524 Ι.
783 2459 840 2523 67.
864 2456 896 2549 §ss
911 2458 944 2522 5.
962 2458 1005 2525 D.
1029 2461 1101 2525 eod.
1118 2499 1159 2511 -

121 2555 220 2655 1313.
247 2556 279 2649 §
296 2562 328 2623 1.
351 2556 396 2624 1).
428 2560 542 2648 depos.
575 2597 614 2609 --
642 2559 785 2626 Necesse
812 2572 862 2625 est
887 2561 995 2641 enim,
1033 2576 1069 2628 ut
1088 2562 1160 2652 ipso

121 2659 247 2725 domini
268 2662 353 2726 iacto
375 2663 553 2727 dominium
577 2662 678 2729 abeo
700 2663 864 2745 discedat,
894 2663 939 2728 ita
968 2677 1004 2729 ut
1025 2664 1158 2732 Marcel·

120 2759 175 2826 lus
192 2761 298 2828 'dicate
325 2764 582 2845 „si·,dominium
604 2790 671 2831 non
694 2759 750 2831 tuo
771 2767 856 2833 iacto
876 2767 1040 2851 amiseris,
1058 2794 1159 2860 aeque

122 2863 297 2930 condices'’
326 2880 359 2931 et
393 2856 512 2933 deinde
533 2881 671 2958 pergat=
704 2870 766 2953 „in
795 2872 959 2936 communi
984 2895 1022 2935 re
1046 2920 1054 2937 .
1080 2920 1090 2937 .
1114 2875 1157 2938 io·

122 2977 266 3048 teresse,
295 2980 402 3033 utrum
424 2981 459 3034 tu
482 2971 664 3060 provocasti
685 2973 851 3038 communi
876 2973 1058 3041 diuidundo
1075 2975 1156 3064 judi·

121 3068 195 3151 oio,
218 3073 259 3135 an
282 3071 474 3158 provocatus
503 3098 558 3159 cs,
596 3086 632 3139 ut
659 3075 688 3139 si
716 3072 763 3139 tu‘
783 3076 963 3164 provocasti
996 3079 1157 3146 communi

116 3171 301 3238 dividundo
317 3174 459 3265 judicio,
481 3179 628 3242 amiseris
642 3178 906 3259 condictionem,
919 3180 947 3244 si
967 3188 1156 3268 provocatus

72 3264 94 3335 ι’
124 3297 183 3356 es,
213 3277 399 3362 retineas’'3
439 3280 509 3369 arg'.
541 3281 636 3345 1111.
673 3305 725 3369 pr.
760 3293 793 3345 et
827 3279 906 3372 §.L
932 3281 976 3347 D.
1001 3284 1043 3349 d'e
1066 3287 1154 3352 cond.

121 3375 201 3440 furt.
230 3414 272 3427 —
325 3379 364 3444 ld
393 3382 539 3471 aequitas
567 3382 702 3465 suadet,
748 3384 910 3449 neminem
938 3386 1026 3451 i'acto
1054 3389 1155 3454 alieno

123 3478 195 3544 fleri
215 3481 454 3568 pauperiorem.
477 3524 521 3536 -
549 3485 691 3552 Domino
720 3499 826 3551 autern
852 3486 901 3552 rei
924 3488 1064 3553 furtivae
1084 3494 1156 3555 mor·
1180 3571 1182 3576 Ι

122 3590 202 3663 too,
224 3582 337 3647 heredi
358 3587 514 3674 competit
536 3588 698 3655 condictio
717 3588 859 3673 furtiva,
886 3589 944 3654 alii
965 3604 1075 3657 autem
1098 3608 1155 3657 noo

91 3677 93 3681 ’
114 3680 325 3769 impertitur,
359 3710 459 3775 quare
480 3690 514 3753 in
545 3691 655 3779 specie
672 3713 778 3780 =supra
799 3692 966 3781 proposita
990 3693 1157 3784 legatarius

124 3803 193 3843 rom
214 3783 365 3851 furtivam
401 3789 466 3853 sibi
493 3792 718 3880 legatamnon
747 3795 936 3876 condicere,
967 3798 1028 3862 sed
1061 3797 1157 3865 vindi·

123 3904 198 3947 carc
219 3895 342 3952 tantum
361 3903 486 3978 potest,
517 3918 586 3983 arg.
616 3895 901 3961 Ι.11.1).1ι.ΐ.’
932 3897 1042 3965 Heres
1078 3899 1157 3966 enim

123 3992 183 4071 per
205 3990 311 4054 onmia
335 3993 481 4059 succedit
502 3994 536 4059 iu
559 3996 667 4061 locum
700 3996 790 4083 ejus,
820 3998 877 4088 qui
901 3999 1068 4084 decessit,
1092 4025 1157 4068 ean·

73 4168 84 4177 A
124 4083 264 4176 demque
285 4113 418 4178 prorsus
446 4121 617 4185 personam
649 4101 808 4184 sustinet,
843 4113 875 4165 et
910 4101 1055 4170 ideo..et
1090 4129 1157 4171 con·

84 4185 98 4193 ”
122 4187 221 4254 dictio
245 4192 362 4261 furtiva
384 4221 457 4264 cum
480 4200 549 4289 ipsa
577 4203 716 4268 furtivae
741 4203 789 4268 rei
810 4205 1015 4294 proprietate
1035 4208 1071 4274 in
1088 4229 1158 4272 eum
