2572 4800
439 422 713 500 -151-4·

59 625 236 714 judicanda
269 626 443 698 informare
473 625 618 712 solebat,
652 639 689 693 ιιι
717 627 759 695 ιιι
788 612 908 694 certam
938 631 1097 719 pecuniae

62 751 220 794 summam
247 729 546 796 condemnationem
574 729 776 820 redigerent,
807 742 840 797 et
866 731 896 797 si
925 732 1020 799 dolus
1047 737 1098 802 rei

61 832 219 920 probatus
245 833 308 918 sit,
345 833 453 923 ipsum
483 843 623 898 actorem
652 856 720 898 rem
745 833 961 921 jurejurando
988 838 1098 904 laxare

61 935 298 1022 permitterent.
352 935 400 999 lta
431 935 552 1000 factum
580 945 650 1018 est,
684 944 721 1000 ut
749 935 838 1025 quod
861 937 937 1026 quis
958 941 1097 1029 pecunia

61 1042 152 1102 luere
182 1048 312 1126 posset,
346 1037 432 1102 baud
473 1034 612 1124 amplius
649 1035 756 1125 eapite
793 1048 826 1103 et
857 1038 1098 1107 existimatione

61 1135 151 1202 luere
172 1138 432 1227 periclitaretur3
466 1144 632 1228 praeterea
650 1162 694 1204 ne
716 1161 779 1204 una
801 1139 979 1231 eademque
998 1143 1040 1209 lia
1062 1143 1105 1223 iu,

60 1240 173 1330 plures
194 1241 404 1308 divideretur.
448 1242 486 1308 ld
509 1242 596 1309 enim
618 1252 763 1308 veterum
780 1241 960 1332 fragmenta
980 1242 1098 1312 testau-

61 1353 127 1409 tnr.
149 1368 219 1434 arg.
243 1343 268 1410 ι.
288 1345 324 1410 d.
347 1343 377 1437 ξ.
398 1345 431 1410 3.
455 1343 499 1409 Ι).
528 1344 569 1410 de
596 1367 645 1409 re.
658 1343 764 1430 judic.
800 1342 909 1429 „ratio
940 1345 1098 1434 pecuniae

61 1447 239 1537 exigendae
259 1448 339 1513 baec
361 1447 436 1528 fuit,
460 1445 549 1535 quod
570 1445 710 1511 voluerit
731 1458 905 1535 praetor
926 1446 1098 1536 obligatio-

10 1538 25 1637 f
60 1573 120 1616 oei
151 1575 192 1616 ιι
221 1548 477 1640 obligationibus
512 1546 619 1612 seria.
641 1585 683 1598 -
704 1548 729 1611 ι.
751 1549 785 1612 a.
808 1547 848 1613 e.
871 1548 912 1613 ιι
933 1548 1030 1613 isset.
1065 1559 1099 1617 es
1193 1547 1197 1555 ’
1255 1526 1258 1533 ’

10 1644 36 1679 ²*
60 1651 112 1721 lit.
133 1676 270 1744 experts.
294 1653 413 1734 „netas
426 1660 475 1716 est
495 1648 735 1716 litem.alterain
756 1672 955 1741 consurgere
972 1672 1013 1715 er
1029 1647 1098 1716 litii

60 1752 186 1841 primae
207 1752 373 1818 materia”.
399 1790 442 1802 —

146 1854 314 1921 Postremo
335 1854 477 1946 denique
510 1852 544 1919 id
564 1852 704 1937 notabo,
732 1876 799 1919 non
828 1877 940 1920 eorum
973 1865 1099 1933 ιιιιιιιιιι

60 1954 146 2023 bona
166 1980 317 2046 possessa
338 1981 436 2040 esse,
465 1956 524 2046 qui
548 1955 704 2021 solvendo
732 1978 799 2019 uon
821 1967 932 2038 erant,
965 1957 1024 2022 sed
1045 1982 1099 2024 eo·

60 2075 139 2122 rum
157 2082 309 2148 quoque,
348 2059 418 2148 qui,
450 2056 597 2146 quamvis
619 2056 775 2122 solvendo
799 2067 923 2139 esseut,
958 2069 1099 2126 attamen
1165 2109 1178 2126 s
1242 2061 1249 2075 ‘

61 2161 150 2251 ιιιιιιιι
166 2160 306 2248 judicati
333 2171 389 2226 ιιιι
410 2159 553 2226 confessi
579 2169 691 2242 eraut,
713 2159 841 2226 solvere
863 2160 1108 2248 detrectabant..

58 2263 132 2329 Hac
155 2263 240 2327 enim
256 2262 385 2328 domum
405 2262 621 2345 deductione,
643 2260 870 2354 bonorumque
889 2265 1098 2355 possessione

61 2373 94 2429 et
116 2363 311 2434 seruditionev
327 2376 549 2431 contumacem
567 2387 733 2454 quemque
750 2389 827 2432 mox
844 2366 886 2433 ad
904 2368 1047 2434 officium
1065 2378 1099 2434 et

61 2465 280 2532 obedientiam
295 2467 459 2532 redactum
476 2466 518 2531 iri
530 2466 714 2556 sperabant.
731 2505 775 2520 -··
796 2457 887 2535 Haec
905 2469 1007 2559 igitur
1021 2493 1096 2559 pos·
1178 2462 1183 2468 ⁹

18 2618 26 2627 ,
61 2564 164 2674 sessio
184 2578 216 2633 et
233 2568 376 2634 venditio
391 2568 565 2650 bonorum,
586 2579 619 2634 et
636 2568 693 2634 itta
708 2569 749 2634 ad
769 2571 987 2659 pecuniariam
1009 2596 1097 2638 aum·
1233 2595 1236 2602 ·

59 2694 143 2736 mans
170 2671 298 2736 mdaeta
326 2670 551 2737 condemnatio
573 2693 591 2735 ι
612 2681 761 2758 praetore
788 2673 929 2761 primurn
949 2687 1027 2741 sunt
1047 2675 1097 2742 in·

60 2773 207 2840 ιιιιιιιιιιιι
224 2774 347 2840 ¹favoris
369 2796 484 2855 causa,
505 2796 548 2838 ne
566 2772 722 2838 debitoris
740 2773 824 2839 vitae
846 2773 1010 2867 bonisque
1025 2802 1095 2846 cre·
1160 2791 1167 2797 ’
1231 2828 1248 2854 a

60 2875 176 2942 ditonis
197 2877 246 2942 ira
277 2888 309 2943 et
330 2874 481 2942 ‘studium
510 2874 658 2940 absolata
685 2874 742 2941 lex
771 2886 869 2942 esset.
928 2876 1095 2967 Utraeque
1157 2923 1165 2933 -

59 2988 166 3045 sutem
187 2980 247 3044 bae
276 2979 434 3069 praetoris
461 2978 686 3044 innovationes
711 3000 808 3068 quam
841 2988 928 3043 arete
952 2978 1096 3046 interae

58 3084 271 3165 cohaereant,
308 3106 404 3149 nemo
433 3082 583 3176 ignorare
613 3089 733 3168 potest.
789 3079 851 3146 lile
882 3079 969 3159 euim
995 3103 1094 3170 supra

58 3184 241 3273 descriptus
260 3184 424 3252 bonorum
441 3183 689 3265 'vendendorum
718 3180 834 3248 modus
855 3182 927 3248 siue
955 3184 1015 3249 hac
1036 3207 1094 3273 pe·
1166 3230 1168 3237 ,
1201 3182 1205 3191 ¹
1231 3174 1236 3183 ¹

57 3287 202 3354 euuiaria
218 3287 486 3357 condemnatione
503 3302 545 3353 ne
564 3285 704 3376 intelligi
720 3285 851 3376 quidem
867 3295 989 3374 potest.
1021 3283 1093 3377 Ego
1206 3301 1222 3362 ‚⁴

57 3389 147 3460 enim
168 3412 235 3453 nou
257 3389 370 3473 video,
404 3389 566 3479 quomodo
587 3389 749 3454 bonorum
770 3399 898 3472 emtor,
920 3387 1033 3479 quie.
1056 3413 1090 3480 g.

58 3489 238 3599 uuicuique
269 3494 465 3589 creditorum
491 3492 711 3560 venditoris
701 3516 735 3557 ιιι
768 3490 939 3556 dimidium
976 3482 1109 3586 (5⁰⁰lob'
1144 3501 1152 3506 ’

57 3592 217 3676 terimur,
229 3594 281 3660 illi
302 3560 496 3680 satisfaciat,
527 3595 600 3686 qui
613 3618 653 3662 ex
670 3593 817 3682 judicato
839 3593 1015 3677 bominem
1016 3591 1092 3659 Sti·

55 3698 154 3763 cbum
177 3697 253 3762 sibi
264 3696 383 3763 debere
403 3698 605 3775 redditorem
626 3695 776 3763 intendit.
821 3693 886 3759 Cui
909 3665 1091 3770 difficultati
1158 3731 1165 3741 ·

53 3799 237 3866 remedium
257 3798 405 3866 adbibuit
424 3801 483 3878 illa
510 3809 707 3891 apaaetore
729 3796 920 3917 introducta-
906 3794 1090 3932 pecunia·
1139 3880 1142 3887 ,

50 3902 102 3969 aia
125 3901 363 3967 condemnatio.
385 3939 428 3954 —-
762 3953 764 3956 >
1114 3971 1117 3976 ,

141 4000 334 4089 Repetitis
324 4003 425 4094 agitur
452 4003 595 4072 breuiter
622 3967 836 4097 quaecuuque
858 3999 899 4066 de
907 3949 1091 4068 bonnuaria
1132 4003 1135 4066 ζ
1195 3997 1207 4089 ᾗ,

50 4103 265 4271 eratione
286 4104 447 4189 disserui,
469 4093 552 4174 iilud
573 4104 714 4226 primum
736 4102 945 4200 idteiligitur,
966 4112 1091 4194 praeto·
1145 4112 1167 4128 ’·
1233 4111 1265 4180 ”;-

50 4228 123 4272 uem
164 4205 280 4295 utiquo
304 4208 505 4276 executionis
521 4208 595 4296 juri
622 4231 659 4282 ac
676 4192 911 4292 consuetudini
941 4228 1014 4273 sese
1037 4227 1088 4272 ac·
1203 4230 1204 4234 ¹
1249 4235 1252 4242 ·
