2572 4800
521 104 801 182 ...140-

161 328 261 373 torum
281 307 446 395 possessio
466 318 603 374 tantum
632 304 778 373 dabatur.
837 306 1094 397 Neque·.·tarraea
1125 332 1180 375 res

152 402 206 473 rib
235 408 428 498 impensare
441 408 637 476 ‘Justinisno
669 432 742 476 aere
772 410 817 475 ita
839 411 1003 493 babebat,
1020 408 1086 475 suti
1103 408 1179 477 {sub

142 510 311 601 prioribus
332 512 581 599 imperatoribus
603 512 706 577 fnisse
734 512 906 602 descripsi.
928 550 973 567 -·
1013 512 1181 603 Abrogsta

142 613 231 679 euim
251 623 285 679 et
297 613 430 678 'sublata
451 614 582 679 interim
597 613 711 702 reguis
732 613 802 694 ille,
826 638 868 680 ex
891 639 956 704 qus
977 616 1084 682 omnis
1102 610 1180 683 coti·

142 714 305 781 denuntio
327 717 514 805 pecuniaria
543 740 614 781 esse
643 714 802 797 debebat,
840 716 912 781 lieri
942 714 1010 783 non
1038 712 1179 807 poterut,

141 818 224 909 quis
243 814 278 884 et
296 818 332 883 iu
355 819 566 885 exsecutione
597 816 737 906 plurima
763 830 997 883 mutaremur.-
1032 818 1180 884 Primum

141 919 244 1009 igitur
262 921 411 1011 pignoris
432 921 527 1011 capio
547 921 588 986 sd
609 921 685 986 illos
711 944 806 986 casos
828 921 1099 1011 restringebatur,
1120 922 1180 987 ubi

120 1022 183 1089 -ad
202 1024 422 1113 pecuniariam
454 1047 610 1089 summum
641 1024 869 1089 condemnatio
901 1024 1071 1113 concepte·
1089 1026 1178 1109 erat,

140 1126 201 1193 ubi
221 1150 299 1192 vero
319 1129 359 1192 ud
382 1126 484 1216 ipsam
507 1149 595 1208 rem,
627 1137 696 1190 tum
719 1137 751 1191 et
773 1127 808 1190 in
828 1150 898 1191 rem
920 1127 1023 1215 ipsam
1045 1148 1179 1193 exsuctis

139 1229 188 1297 tio
208 1230 427 1321 dirigebatur,
449 1229 552 1317 Jquod
580 1239 673 1294 antea
699 1228 734 1292 in
756 1228 937 1293 arbitrariis
958 1226 1113 1295 formulis
1132 1227 1178 1291 la·

141 1344 230 1400 ctum
252 1332 404 1398 vidimus.
462 1332 653 1411 Postremo,
698 1328 758 1394 ubi
796 1330 872 1420 qnis
902 1342 1079 1401 contumax
1110 1340 1180 1395 erut

140 1458 250 1525 raeque
261 1434 388 1519 judicio
409 1432 670 1511 sedclendebst,
687 1430 736 1495 ibi
757 1431 869 1496 missio
891 1431 926 1497 in
947 1431 1033 1497 bona
1053 1455 1178 1521 aprae-

139 1550 211 1603 tore
232 1536 364 1603 decerni
386 1535 532 1615 solebat,
567 1533 678 1598 autin
700 1534 809 1598 omnia
831 1535 937 1616 bona,
972 1545 1029 1600 sut
1051 1534 1086 1599 in
1107 1559 1178 1624 pur·

140 1648 208 1703 tem
231 1649 355 1704 tantum
383 1661 516 1702 eorumz
550 1635 584 1699 in
615 1634 744 1717 omnia,
772 1636 801 1701 si
831 1638 962 1725 quidem
994 1638 1180 1727 complures

140 1764 294 1809 omnesve
316 1740 491 1805 creditores
513 1738 622 1803 debita
652 1738 778 1804 exsolvi
804 1739 994 1827 postulent,
1032 1728 1179 1829 baccque

139 1842 297 1909 debitoris
318 1842 403 1906 bona
426 1841 604 1923 excedunt,
635 1837 670 1904 in
692 1852 818 1930 partem
838 1852 963 1907 tuntum
983 1866 1117 1924 eorum,
1150 1842 1178 1907 si

140 1947 272 2035 quidem
296 1968 381 2010 nnus
403 1955 526 2008 tuntum
548 1943 700 2030 pluresve
718 1941 877 2024 existant,
908 1968 1047 2033 quorum
1070 1943 1178 2010 debito

139 2048 301 2113 bonorum
323 2070 479 2112 summam
514 2043 671 2109 excedere
704 2067 769 2108 nou
810 2046 994 2112 videantur.
1059 2046 1176 2137 Neque

140 2149 229 2215 enim
252 2160 319 2214 tum
333 2173 374 2213 ex
388 2148 498 2214 officio
515 2146 639 2233 judicis
653 2170 832 2213 concursus
848 2147 968 2237 aperiri
982 2149 1122 2215 solebat.
1137 2186 1177 2199 --

140 2250 306 2317 bonorum
324 2261 431 2315 antem
447 2249 591 2316 venditio
613 2274 702 2317 nnnc
717 2251 814 2339 longe
834 2251 930 2316 aliter
947 2252 1058 2334 tiebat,
1082 2274 1177 2341 qnam

139 2354 250 2444 priore
274 2366 419 2442 tempore
441 2353 641 2442 processisse
667 2355 820 2422 vidimus.
866 2355 956 2419 Haec
982 2348 1106 2436 auum,
1130 2363 1176 2418 ut·

142 2467 219 2546 pote
262 2480 346 2546 quac
379 2457 511 2546 longius
545 2478 563 2520 s
598 2456 767 2544 proposito
805 2481 877 2523 mco
909 2457 1088 2541 recedent,
1130 2455 1177 2521 nil

140 2584 231 2627 curo.
277 2559 324 2625 Ea
346 2560 434 2625 cuim
455 2569 580 2624 tantum
602 2580 767 2644 exponere
792 2572 926 2624 conotus
946 2583 1033 2641 sum,
1056 2556 1177 2648 quibus

138 2662 346 2728 manifestum
377 2663 449 2745 list,
479 2661 641 2750 principia
671 2660 770 2727 totins
803 2660 1021 2727 exsecutionis
1056 2660 1178 2726 indes

138 2777 284 2854 tempore
304 2765 387 2855 legis
416 2765 580 2830 actionum
604 2788 708 2852 usque
733 2766 773 2829 ad
794 2763 1019 2829 Justiuiunum
1049 2786 1178 2854 semper

136 2867 295 2957 viguisse,
318 2868 465 2957 quumvis
487 2865 617 2931 solenni
639 2866 695 2931 illu
711 2866 794 2955 legis
817 2867 956 2933 actionis
971 2867 1075 2930 forms
1091 2877 1177 2954 post·

139 2992 177 3033 eu
189 2971 320 3051 nudata,
333 2970 474 3058 sliisque
490 2969 692 3057 exsequendi
710 2970 862 3034 remediis
879 2970 1004 3034 inclusa
1022 2979 1054 3032 et
1076 2967 1178 3057 pa'sue

139 3070 255 3136 obrute
287 3071 423 3136 fuerint.
452 3108 493 3124 -
535 3070 627 3135 Idem
661 3083 695 3136 et
724 3071 843 3138 ceteris
880 3070 963 3160 legis
995 3070 1178 3136 actionibus

138 3173 308 3256 evenisse,
325 3174 394 3261 jam
415 3197 513 3262 snpra
538 3174 708 3256 annotavi,
740 3174 845 3241 bonae
868 3173 944 3239 lidei
965 3173 1110 3238 actiones
1130 3172 1177 3238 le·

139 3279 189 3369 gis
210 3276 331 3343 actioni
352 3300 413 3365 per
438 3276 562 3363 jndicis
585 3278 856 3366 postuletionem,
887 3275 992 3340 stricti
1017 3274 1106 3362 juris
1126 3297 1178 3338 an-

137 3394 204 3445 tem
217 3380 378 3445 actionem
393 3379 609 3447 condictionis
628 3382 710 3470 legis
726 3380 848 3445 actioni
861 3379 1043 3445 vindicans.
1084 3376 1178 3443 llsne

139 3479 244 3546 stricti
271 3482 358 3567 juris
386 3483 567 3561 actionem,
607 3506 691 3570 quae
720 3505 819 3547 sensu
850 3481 984 3571 proprio
1015 3480 1177 3547 condictio

137 3584 340 3672 appelletur,
360 3584 445 3649 inira
467 3608 509 3649 ex
530 3585 679 3671 professo
701 3584 856 3649 tractabo.
905 3583 1104 3671 Priusquam
1123 3604 1168 3645 au·

138 3698 204 3752 tem
226 3686 260 3752 id
281 3687 420 3770 luciam,
450 3709 593 3752 neccsse·
613 3698 664 3752 est
692 3687 927 3768 formularum,
961 3708 1045 3776 quse
1078 3683 1160 3750 inlr

139 3790 190 3879 gis
221 3788 384 3855 actionum
417 3789 525 3856 locum
555 3800 807 3873 successerunt,
829 3787 1012 3878 originum,
1032 3797 1151 3853 naturas

138 3904 312 3982 partesque
334 3890 521 3981 explanare.
