2572 4800
466 298 747 428 ,esen

88 549 302 621 deductiori
322 555 440 620 similis
460 574 532 619 csse
553 548 706 637 dieitur,
726 548 796 644 erig.
821 554 845 620 l.
865 554 897 618 5.
921 551 952 644 ἓ.
966 553 1001 618 d.
1016 552 1060 616 D.
1084 554 1126 647 de

93 656 139 724 P.
159 659 203 723 V.
225 696 268 709 —-
309 650 400 740 Quin
422 649 520 725 immo
541 655 637 720 multi
657 665 734 719 sunt
754 655 950 742 hujusmodi*
963 677 1073 736 casus,
1097 654 1133 718 in

93 761 214 849 quibus
236 762 383 851 quamvis
403 759 443 823 P.
467 758 510 822 V.
536 758 819 829 actio’neututior
842 758 948 824 solum
962 759 1020 824 sed
1034 757 1134 824 etiam

91 858 201 930 Verior
220 864 389 942 videatur,
414 872 553 926 attamen
574 858 756 925 nominatae
780 860 931 943 actionis,
954 883 1040 950 qnae
1061 860 1134 949 ipsa

88 965 454 1032 obdissimilitudiucm
478 963 638 1052 (putandam
658 961 832 1048 rejicitur,
861 963 990 1051 regulas
1020 961 1061 1027 ad
1084 962 1132 1027 in·

1 1146 6 1160 Ι
89 1069 288 1134 nominatam
300 1068 458 1134 actionem
481 1066 657 1130 transferre
670 1084 741 1130 uon·
751 1088 870 1130 moror.
900 1065 948 1130 lta
963 1063 1007 1147 si,
1030 1088 1130 1154 quum

91 1174 193 1236 unum
215 1170 332 1235 bovem
353 1169 436 1259 quis·
449 1169 582 1233 baberet
604 1170 636 1231 et
661 1166 790 1232 vicinus
811 1168 883 1252 ejus
907 1188 1023 1248 unum,
1044 1167 1134 1255 pecti

88 1262 190 1354 sirm,
220 1283 255 1336 ut
282 1266 421 1336 invicem
443 1293 502 1360 per
523 1270 630 1334 denos·
645 1268 716 1332 dic's
739 1269 803 1333 sibi
826 1268 925 1335 boves
949 1268 1131 1335 commoda·

88 1385 188 1455 rent,
222 1374 369 1463 quamvis
395 1371 623 1438 indubitatum
657 1370 724 1450 sit,
759 1371 952 1437 commodati
980 1370 1036 1460 agi
1064 1395 1131 1437 non

88 1470 208 1567 posse,
244 1474 301 1541 scd
323 1476 363 1540 Ρ.
385 1475 442 1540 V.=
460 1475 620 1541 actionem
656 1472 757 1543 solam
787 1484 994 1562 competere,
1024 1486 1131 1539 tamen

89 1568 197 1643 'eremo'
212 1578 361 1643 dubitare
381 1584 511 1668 potest,
542 1578 624 1667 quin
652 1577 732 1642 bace
754 1576 794 1640 P.
817 1575 862 1639 V.
883 1575 967 1640 actio
989 1598 1132 1640 commo·

89 1681 158 1748 dati
181 1681 309 1769 regulas
330 1680 395 1746 sibi
415 1692 569 1749 assumat.
592 1719 633 1730 --
677 1678 766 1746 Idem
796 1688 866 1761 cst,
900 1679 928 1743 si
958 1679 1050 1766 pecti
1078 1701 1132 1742 su·

90 1804 184 1863 mus,
206 1794 243 1847 ut
263 1782 292 1851 si
314 1803 441 1847 servum
463 1781 636 1871 fugitivum
661 1779 871 1862 indicassem,
891 1782 1132 1869 apprehensus·

91 1906 157 1986 quc
174 1895 260 1948 esset
281 1883 374 1973 lpse,
389 1895 512 1951 certum
529 1882 663 1971 aliquod
677 1883 819 1947 daretur.
866 1882 1024 1965 Quamvis
1044 1885 1132 1951 enim

91 2002 177 2075 opus
197 1987 259 2052 boe
278 2009 344 2051 non
366 1985 409 2052 sit
433 1977 529 2069 tale,
553 1985 642 2075 quod
664 1984 769 2062 locari,
786 1985 913 2074 possit,
936 1997 1045 2051 tamen
1068 1998 1130 2052 tota

91 2090 218 2177 species
242 2101 304 2152 tam
326 2088 473 2178 proxime
504 2079 628 2153 aceedit
655 2086 809 2153 locationi
833 2087 1065 2171 conductioni,
1097 2098 1133 2154 nt

92 2189 228 2254 dubium
261 2214 333 2255 esec
362 2214 427 2255 non
458 2188 582 2279 possit,
616 2189 656 2252 P.
684 2189 728 2255 V.
762 2189 922 2256 actionem
954 2215 995 2256 cx
1027 2191 1132 2258 locato
1169 2205 1175 2217 ’

90 2291 252 2358 conducto
275 2292 404 2380 regulas
426 2292 490 2357 sibi
507 2315 647 2357 sumere.
692 2291 769 2358 Alia
791 2293 936 2379 ejusdem
959 2293 1010 2358 rei
1024 2317 1131 2359 excm·

91 2393 146 2482 pla
162 2404 289 2456 exstant
304 2393 336 2457 in
351 2394 374 2458 Ι.
387 2397 421 2458 9.
440 2392 512 2485 §.d
524 2395 567 2459 Ι).
581 2394 730 2479 dedolo,
753 2394 777 2463 l·
790 2395 849 2477 22,
872 2395 926 2460 13.
937 2395 983 2458 D.
995 2395 1128 2479 ch.V.

116 2494 131 2535 ·’
177 2495 228 2561 De
250 2491 422 2585 speciebus
437 2496 477 2561 P.
493 2495 537 2560 V.
559 2496 695 2561 actionis
717 2495 765 2561 nil
782 2495 852 2582 jam
873 2496 992 2562 addere
1012 2496 1127 2562 habeo.

91 2597 298 2663 Generaliter
322 2599 484 2664 autemid
506 2598 591 2664 bene
615 2599 789 2676 tenendum
821 2610 890 2682 cst,
925 2623 1021 2664 urnam
1057 2622 1130 2665 ean·

92 2699 233 2788 de'mque
264 2697 393 2789 semper
432 2724 504 2766 csse
533 2701 572 2764 P.
606 2701 648 2766 V.
689 2700 868 2785 actionem,
910 2701 1059 2789 quamuis
1096 2703 1149 2777 in,

2 2868 21 2877 „
90 2800 204 2890 plures
226 2802 353 2890 species
372 2801 575 2868 distributam
605 2814 638 2868 et
672 2801 853 2869 innumeris
887 2803 1018 2870 casibus
1046 2829 1130 2871 eom·

91 2913 274 2991 petentem,
297 2905 382 2970 sicut
399 2928 501 2994 supre
523 2929 620 2969 uuam
639 2929 713 2970 esse
734 2905 995 2996 condictionem,
1019 2932 1141 2996 quamn
1185 2942 1191 2950 ·

90 3004 141 3069 vis
161 3004 196 3069 iu
221 3005 359 3071 diversis
382 3006 554 3095 speciebus
571 3018 820 3095 competentem,
844 3009 992 3096 probavi.
1032 3011 1130 3093 Quod

91 3115 267 3194 utrumque
288 3107 372 3173 bene
393 3119 560 3175 consonat.
613 3106 706 3174 Sicut
734 3111 1007 3178 euimcoudictio
1033 3137 1130 3179 exre

91 3206 214 3289 oritur,
252 3208 297 3274 ita
325 3221 358 3275 et
377 3210 418 3276 P.
444 3211 488 3274 V.
519 3208 623 3291 actio,
658 3213 805 3300 quamvis
833 3213 887 3279 lric
919 3213 968 3278 rei
1000 3215 1130 3281 accedat

64 3352 70 3365 ,.
91 3308 160 3376 lex.
205 3311 302 3392 Quod
325 3337 493 3401 supreme
514 3313 674 3396 adduxit,
697 3325 734 3378 ut
753 3315 794 3378 P.
816 3315 860 3379 V.
883 3317 1045 3381 actionem
1067 3317 1130 3406 ipsi

60 3408 61 3411 '
91 3411 290 3476 condictioni
305 3426 339 3479 ut
350 3415 495 3481 ultimam
511 3416 584 3502 ejus
598 3415 699 3502 φάσιν
714 3417 902 3497 recessisse,
924 3419 1127 3484 affirmarem.

93 3512 189 3580 Unde
220 3515 302 3582 illud
329 3516 396 3602 jam
429 3517 626 3591 necessario·
645 3518 814 3607 sequitur,
849 3509 934 3585 sieut
966 3520 1128 3586 condictio

92 3638 156 3679 urna
177 3627 302 3683 tentum
323 3619 389 3702 sit,
413 3619 457 3685 ita
479 3632 511 3685 et
532 3619 573 3684 P.
597 3620 640 3684 V.
674 3622 855 3702 actionem,
888 3623 1037 3710 quamvis
1058 3624 1125 3713 plu·

92 3715 184 3780 ribus
218 3720 390 3810 speciebus
426 3722 658 3806 distributam,
694 3749 760 3790 uuo
791 3736 915 3790 tantum
948 3728 1128 3818 eodemque

91 3831 212 3907 genere
225 3823 422 3890 consistere.
445 3861 488 3874 -
692 3830 695 3835 ’

148 3918 265 3987 *Hace
287 3937 394 3990 autem
416 3926 457 3993 P.
480 3927 523 3995 V.
548 3927 632 3994 actio
661 3929 697 3994 in
723 3928 830 3995 locum
855 3929 900 3995 -dc
930 3930 1006 3997 dolo
1033 3930 1128 3998 ectio·

91 4021 157 4102 nia,
182 4047 277 4112 quam
303 4027 487 4114 generalem
511 4052 608 4120 snpra
630 4030 808 4120 appellari,
829 4033 1008 4098 secundum
1026 4032 1130 4123 ipsius

89 4121 157 4191 doli
187 4139 333 4200 naturam
356 4130 553 4201 successisse
581 4133 719 4201 videtur.
775 4133 886 4220 Quum
906 4134 994 4220 enim
1010 4147 1128 4226 antea,

17 4474 107 4504 q
121 4488 127 4494 .
