2572 4800
512 453 561 502 -.-
611 406 767 482 ao·-

118 611 229 679 habita
251 610 399 693 fuerint,
421 610 474 675 his
496 608 606 676 verbis
627 608 862 697 prosequitura
900 607 1109 692 „habebatur
1130 622 1165 677 et

119 715 243 780 Romae
267 712 443 780 consilium
466 711 519 777 die
546 711 662 801 aliquo
685 722 889 793 conventus,
926 723 1076 799 praetore
1100 737 1162 802 pro

118 816 277 883 tribunali
297 816 433 881 sedente
461 825 496 880 et
516 813 742 886 ,assidentibus
772 813 804 879 ei
832 814 981 903 quinque
1002 816 1163 882 senatori·

120 918 182 1014 bus
201 931 233 986 et
256 918 404 1007 quinque
424 916 592 1006 equitibus
605 916 775 982 Romanis.
821 915 1032 982 Eratautem
1056 917 1163 1008 digai-

117 1033 168 1089 tas
190 1020 358 1110 equestris:
375 1019 485 1085 minor
506 1019 622 1084 ordine
637 1019 836 1084 senatorio.”
856 1057 906 1079 -.
940 1016 992 1083 Ex
1016 1020 1068 1084 his
1083 1044 1163 1085 vcro

117 1125 228 1191 verbis
254 1146 411 1213 perquam
441 1122 652 1209 manifestum
673 1122 754 1186 *lieri
787 1119 949 1202 arbitror,
985 1122 1163 1188 consilium¹

118 1227 203 1294 illud
224 1224 489 1292 manumissionis
511 1225 599 1289 idem
616 1246 702 1306 esse,
725 1225 815 1313 quod
839 1235 871 1290 et
895 1224 929 1289 in
946 1225 1063 1291 ceteris
1087 1249 1163 1290 cau·

118 1329 165 1396 sis
198 1338 417 1409 memoratur,
455 1326 514 1391 ubi
541 1350 659 1392 causae
692 1326 839 1415 'cognitio
869 1328 1053 1393 necessaria
1091 1339 1161 1413 est,

117 1434 194 1524 plus
215 1431 360 1514 arbiter,
375 1430 462 1495 idem
487 1452 560 1495 esse
582 1429 671 1520 quod
693 1430 952 1496 decemvirorum
972 1431 1163 1519 collegium,

117 1537 192 1619 uel,
223 1547 259 1601 ut
278 1535 354 1600 aliis
369 1534 487 1601 uerbis
515 1543 616 1616 utar,
651 1532 852 1598 decemviros
877 1532 973 1622 ipsos
1003 1533 1166 1620 praetoris

118 1639 293 1707 consilinm
317 1638 434 1702 brisso.
476 1636 518 1701 ld
538 1635 626 1701 enirn
647 1634 729 1700 mibi
744 1635 967 1724 extrema-illa
983 1634 1168 1724 Theophili

67 1751 69 1754 ⁴
117 1743 216 1810 uerba
237 1764 298 1831 pro
312 1750 408 1806 ¹certo
430 1737 575 1828 probare
592 1737 759 1803 videntur.
817 1737 940 1802 Eadem
970 1750 1049 1802 erat<
1067 1763 1165 1826 prae·

69 1839 71 1842 ⁵
118 1845 183 1911 tori
217 1843 394 1911 necessitas
429 1841 546 1931 primis
576 1839 645 1905 illis
664 1840 882 1929 ltemporibus
913 1840 1045 1907 consilii
1074 1842 1165 1908 adhi·
1196 1928 1198 1933 .

111 1947 241 2031 heddi,
280 1968 365 2037 quae
386 1954 501 2034 postea
522 1954 602 2010 crat.
649 1943 734 2010 -Hoe
751 1944 944 2010 eonsilium
976 1967 1019 2009 ex
1051 1944 1165 2011 decem

119 2050 306 2119 constitisse
324 2048 495 2136 jndicibus
515 2047 723 2136 Theophilus
744 2059 900 2134 testatur,
933 2048 1164 2114 tantorundem

117 2155 264 2221 virorum
302 2152 468 2239 judicium
502 2152 619 2241 primis
650 2152 856 2241 temporibus
895 2163 1039 2218 creatum
1074 2175 1163 2236 esse,

119 2256 208 2348 quod
232 2255 307 2321 lites
330 2253 546 2342 dijudicaret,
568 2254 773 2344 Pomponius
795 2255 947 2319 affirmat.
991 2253 1163 2322 Decemvi-

119 2383 174 2426 ros
205 2356 281 2424 illos
309 2357 534 2448 a'l'beophilo
565 2370 784 2443 memoratos,
813 2358 958 2447 praetori
988 2358 1024 2423 in
1053 2382 1164 2423 manu-

119 2460 286 2527 mittendis
307 2460 411 2530 servis
435 2462 574 2528 consilio
606 2463 751 2528 adfuisse
779 2464 895 2528 causae
916 2462 1164 2550 cognoscendae

120 2566 235 2655 gratia,
257 2575 409 2653 apparet,
433 2564 509 2631 item
526 2566 566 2630 de
585 2565 720 2649 liberali,
734 2589 831 2632 causa
848 2563 1049 2631 decemviros
1065 2589 1163 2652 saepe

120 2667 333 2758 cognovisse,
369 2669 454 2734 infra
485 2654 682 2734 videbimus.
744 2669 836 2754 Quae
869 2669 971 2759 igitur
1005 2669 1165 2735 dubitatio

120 2793 288 2835 remancre
310 2780 443 2859 potest,
478 2796 580 2861 quuur
607 2772 738 2855 omnia,
769 2784 802 2838 et
822 2797 994 2839 numerum
1012 2773 1165 2860 judican-

120 2873 201 2939 tium
224 2884 257 2938 et
280 2897 451 2941 causarum
474 2898 597 2963 genus,
627 2876 731 2966 ipsam
755 2876 899 2966 denique
920 2875 970 2942 rei
990 2877 1165 2942 necessita·

119 2987 186 3042 tem
207 3001 389 3066 congruere
410 2977 602 3043 videamus?
623 3017 664 3030 »-

204 3079 279 3146 laur
300 3079 485 3170 qnidhaee
516 3081 624 3145 omnia
657 3081 724 3168 sibi
744 3082 868 3163 velint,
898 3082 933 3146 in
964 3081 1077 3149 oculos
1114 3107 1165 3148 ca·

121 3184 181 3250 dit.
235 3181 320 3249 Nam
341 3207 444 3273 quum
465 3182 599 3248 aliunde
629 3185 791 3269 sciamus,
835 3197 1018 3276 praetorem
1054 3186 1165 3274 ipsum

120 3286 244 3354 Cvirali
275 3285 407 3374 judicio
443 3285 668 3376 praesedisse,
709 3276 798 3354 nunc
828 3300 906 3353 v'cro
934 3289 1005 3375 jain
1038 3287 1165 3352 nemini

120 3389 259 3454 dubium
292 3388 355 3469 sit,
397 3387 599 3454 decemviros
628 3391 772 3478 praetori
804 3415 935 3481 semper
963 3392 997 3456 in
1025 3391 1166 3457 consilio

120 3492 288 3574 adfuisse,
323 3491 401 3558 inde
435 3492 606 3582 sequitur,
652 3495 782 3560 eosdem
825 3494 1026 3561 decemviros
1065 3494 1165 3559 simul

71 3675 75 3685 1
120 3620 209 3666 οιιιιι,
233 3604 384 3686 praetore
416 3594 603 3661 Cviralihus
634 3597 773 3683 judiciis
810 3598 1014 3686 praefuisse,
1060 3597 1165 3684 ipsos-

122 3722 188 3789 que
216 3699 360 3789 primum
385 3698 558 3766 Cvirorum
587 3723 759 3765 numerum
790 3701 962 3790 explesse,
994 3722 1098 3789 quum
1125 3723 1167 3764 ex

120 3800 255 3893 triginta
276 3801 428 3868 tribubus
447 3803 625 3894 nonaginta
649 3815 772 3868 tantum
793 3805 1007 3894 eligerentur.
1071 3803 1167 3885 Quae

121 3914 310 3994 argumenta
332 3929 528 3996 quamquam
549 3904 735 3971 firmissima
759 3919 838 3996 puto
849 3954 861 3988 ,
885 3919 992 3973 tamen
1015 3919 1047 3972 ct
1068 3907 1165 3973 Pom-

121 4007 215 4096 ponii
241 4007 412 4097 Pliniiqne
454 4033 609 4100 expressa
651 4010 837 4074 testimonia
885 4011 1019 4076 laudare
1057 4010 1163 4096 juvat.

122 4110 326 4199 Pomponius
354 4111 446 4177 hisce
467 4113 577 4179 verbis
600 4111 724 4178 utitur:
762 4113 918 4197 „Deinde
948 4115 1009 4200 (sc.
1035 4114 1163 4180 duobus

123 4210 328 4302 praetoribus
350 4214 483 4308 creatis)
499 4241 602 4311 quum
623 4228 710 4288 esset
728 4217 932 4287 necessarius
944 4219 1165 4308 magistratus,
