<?xml version="1.0" encoding="UTF-8"?>
<!DOCTYPE html PUBLIC "-//W3C//DTD XHTML 1.0 Transitional//EN"
    "http://www.w3.org/TR/xhtml1/DTD/xhtml1-transitional.dtd">
<html xmlns="http://www.w3.org/1999/xhtml" xml:lang="en" lang="en">
 <head>
  <title>
</title>
<meta http-equiv="Content-Type" content="text/html;charset=utf-8" />
  <meta name='ocr-system' content='tesseract 3.04.00' />
  <meta name='ocr-capabilities' content='ocr_page ocr_carea ocr_par ocr_line ocrx_word'/>
</head>
<body>
  <div class='ocr_page' id='page_1' title='image "./deromanorumjudi00bachgoog_0157.png"; bbox 0 0 2572 4800; ppageno 0'>
   <div class='ocr_carea' id='block_1_1' title="bbox 544 391 826 471">
    <p class='ocr_par' dir='ltr' id='par_1_1' title="bbox 544 391 826 471">
     <span class='ocr_line' id='line_1_1' title="bbox 544 391 826 471; baseline 0.007 -2"><span class='ocrx_word' id='word_1_1' title='bbox 544 391 826 471; x_wconf 48' lang='grc'><strong>*182-</strong></span> 
     </span>
    </p>
   </div>
   <div class='ocr_carea' id='block_1_2' title="bbox 60 592 1278 4280">
    <p class='ocr_par' dir='ltr' id='par_1_2' title="bbox 60 592 1278 4280">
     <span class='ocr_line' id='line_1_2' title="bbox 160 592 1207 685; baseline -0.004 -20"><span class='ocrx_word' id='word_1_2' title='bbox 160 597 327 673; x_wconf 76' lang='lat' dir='ltr'>,nifastem</span> <span class='ocrx_word' id='word_1_3' title='bbox 345 595 539 678; x_wconf 54' lang='lat' dir='ltr'>ramsolan</span> <span class='ocrx_word' id='word_1_4' title='bbox 558 594 644 685; x_wconf 77' lang='lat' dir='ltr'>legis</span> <span class='ocrx_word' id='word_1_5' title='bbox 665 594 827 662; x_wconf 83' lang='lat' dir='ltr'>actionem</span> <span class='ocrx_word' id='word_1_6' title='bbox 848 617 910 684; x_wconf 85' lang='lat' dir='ltr'>por</span> <span class='ocrx_word' id='word_1_7' title='bbox 929 592 1079 685; x_wconf 69' lang='lat' dir='ltr'>pignoris</span> <span class='ocrx_word' id='word_1_8' title='bbox 1098 592 1207 682; x_wconf 80' lang='lat' dir='ltr'>capio.-</span> 
     </span>
     <span class='ocr_line' id='line_1_3' title="bbox 159 695 1241 787; baseline -0.002 -22"><span class='ocrx_word' id='word_1_9' title='bbox 159 722 243 774; x_wconf 66' lang='lat' dir='ltr'>,nem</span> <span class='ocrx_word' id='word_1_10' title='bbox 266 700 568 787; x_wconf 77' lang='lat' dir='ltr'>fictionempostea</span> <span class='ocrx_word' id='word_1_11' title='bbox 590 698 776 783; x_wconf 77' lang='lat' dir='ltr'>invenisse3</span> <span class='ocrx_word' id='word_1_12' title='bbox 799 698 908 783; x_wconf 83' lang='lat' dir='ltr'>·cujns</span> <span class='ocrx_word' id='word_1_13' title='bbox 930 697 1090 765; x_wconf 35' lang='lat' dir='ltr'>reivlaanc</span> <span class='ocrx_word' id='word_1_14' title='bbox 1109 695 1207 769; x_wconf 79' lang='lat' dir='ltr'>ratio-</span> <span class='ocrx_word' id='word_1_15' title='bbox 1238 740 1241 747; x_wconf 78' lang='lat'><em>,</em></span> 
     </span>
     <span class='ocr_line' id='line_1_4' title="bbox 166 782 1208 890; baseline -0.005 -21"><span class='ocrx_word' id='word_1_16' title='bbox 166 782 242 873; x_wconf 78' lang='lat' dir='ltr'>alena</span> <span class='ocrx_word' id='word_1_17' title='bbox 267 822 339 869; x_wconf 84' lang='lat' dir='ltr'>ease</span> <span class='ocrx_word' id='word_1_18' title='bbox 359 812 467 890; x_wconf 84' lang='lat' dir='ltr'>puto,¹</span> <span class='ocrx_word' id='word_1_19' title='bbox 492 800 580 890; x_wconf 90' lang='lat' dir='ltr'>quod</span> <span class='ocrx_word' id='word_1_20' title='bbox 602 801 682 866; x_wconf 87' lang='lat' dir='ltr'>baec</span> <span class='ocrx_word' id='word_1_21' title='bbox 702 799 787 888; x_wconf 80' lang='lat' dir='ltr'>legis</span> <span class='ocrx_word' id='word_1_22' title='bbox 811 800 895 868; x_wconf 89' lang='lat' dir='ltr'>actio</span> <span class='ocrx_word' id='word_1_23' title='bbox 916 808 1038 867; x_wconf 72' lang='lat' dir='ltr'>noros</span> <span class='ocrx_word' id='word_1_24' title='bbox 1058 797 1208 888; x_wconf 78' lang='lat' dir='ltr'>reliquae</span> 
     </span>
     <span class='ocr_line' id='line_1_5' title="bbox 167 901 1209 993; baseline 0.004 -24"><span class='ocrx_word' id='word_1_25' title='bbox 167 913 201 969; x_wconf 87' lang='lat' dir='ltr'>ct</span> <span class='ocrx_word' id='word_1_26' title='bbox 224 905 355 975; x_wconf 84' lang='lat' dir='ltr'>modum</span> <span class='ocrx_word' id='word_1_27' title='bbox 375 903 493 993; x_wconf 80' lang='lat' dir='ltr'>agendi</span> <span class='ocrx_word' id='word_1_28' title='bbox 514 914 547 969; x_wconf 91' lang='lat' dir='ltr'>et</span> <span class='ocrx_word' id='word_1_29' title='bbox 562 903 621 989; x_wconf 83' lang='lat' dir='ltr'>jos</span> <span class='ocrx_word' id='word_1_30' title='bbox 634 903 744 992; x_wconf 84' lang='lat' dir='ltr'>ipsura</span> <span class='ocrx_word' id='word_1_31' title='bbox 759 902 960 985; x_wconf 87' lang='lat' dir='ltr'>continebat,</span> <span class='ocrx_word' id='word_1_32' title='bbox 980 901 1040 968; x_wconf 90' lang='lat' dir='ltr'>sed</span> <span class='ocrx_word' id='word_1_33' title='bbox 1054 901 1117 987; x_wconf 84' lang='lat' dir='ltr'>jus</span> <span class='ocrx_word' id='word_1_34' title='bbox 1136 912 1209 973; x_wconf 75' lang='lat' dir='ltr'>tan·</span> 
     </span>
     <span class='ocr_line' id='line_1_6' title="bbox 166 996 1278 1095; baseline 0.002 -26"><span class='ocrx_word' id='word_1_35' title='bbox 166 1014 263 1088; x_wconf 79' lang='lat' dir='ltr'>tum,</span> <span class='ocrx_word' id='word_1_36' title='bbox 286 998 385 1095; x_wconf 76' lang='lat' dir='ltr'>quia,</span> <span class='ocrx_word' id='word_1_37' title='bbox 399 1050 402 1057; x_wconf 90' lang='lat'>-</span> <span class='ocrx_word' id='word_1_38' title='bbox 416 1005 446 1071; x_wconf 91' lang='lat' dir='ltr'>si</span> <span class='ocrx_word' id='word_1_39' title='bbox 464 1017 551 1075; x_wconf 85' lang='lat' dir='ltr'>certa</span> <span class='ocrx_word' id='word_1_40' title='bbox 572 1003 671 1071; x_wconf 83' lang='lat' dir='ltr'>verba</span> <span class='ocrx_word' id='word_1_41' title='bbox 692 1004 882 1095; x_wconf 86' lang='lat' dir='ltr'>exceperis,</span> <span class='ocrx_word' id='word_1_42' title='bbox 917 1005 989 1088; x_wconf 84' lang='lat' dir='ltr'>sina</span> <span class='ocrx_word' id='word_1_43' title='bbox 1008 1003 1207 1075; x_wconf 58' lang='lat' dir='ltr'>allanolen·</span> <span class='ocrx_word' id='word_1_44' title='bbox 1276 996 1278 1001; x_wconf 39' lang='lat'><strong><em>¹</em></strong></span> 
     </span>
     <span class='ocr_line' id='line_1_7' title="bbox 155 1105 1206 1197; baseline -0.002 -22"><span class='ocrx_word' id='word_1_45' title='bbox 155 1106 268 1185; x_wconf 78' lang='lat' dir='ltr'>,nitate</span> <span class='ocrx_word' id='word_1_46' title='bbox 288 1108 408 1197; x_wconf 74' lang='lat' dir='ltr'>pignus</span> <span class='ocrx_word' id='word_1_47' title='bbox 433 1109 507 1197; x_wconf 89' lang='lat' dir='ltr'>capi</span> <span class='ocrx_word' id='word_1_48' title='bbox 526 1117 665 1197; x_wconf 81' lang='lat' dir='ltr'>poterat.</span> <span class='ocrx_word' id='word_1_49' title='bbox 708 1106 797 1173; x_wconf 87' lang='lat' dir='ltr'>Dum</span> <span class='ocrx_word' id='word_1_50' title='bbox 819 1107 921 1196; x_wconf 79' lang='lat' dir='ltr'>igitur</span> <span class='ocrx_word' id='word_1_51' title='bbox 942 1107 978 1173; x_wconf 91' lang='lat' dir='ltr'>in</span> <span class='ocrx_word' id='word_1_52' title='bbox 999 1105 1067 1173; x_wconf 88' lang='lat' dir='ltr'>illis</span> <span class='ocrx_word' id='word_1_53' title='bbox 1089 1106 1206 1175; x_wconf 82' lang='lat' dir='ltr'>modos</span> 
     </span>
     <span class='ocr_line' id='line_1_8' title="bbox 165 1208 1207 1299; baseline 0.001 -23"><span class='ocrx_word' id='word_1_54' title='bbox 165 1210 468 1294; x_wconf 30' lang='lat' dir='ltr'>tantum-sublatus,</span> <span class='ocrx_word' id='word_1_55' title='bbox 489 1210 526 1278; x_wconf 91' lang='lat' dir='ltr'>in</span> <span class='ocrx_word' id='word_1_56' title='bbox 546 1212 607 1276; x_wconf 86' lang='lat' dir='ltr'>bac</span> <span class='ocrx_word' id='word_1_57' title='bbox 624 1209 709 1299; x_wconf 75' lang='lat' dir='ltr'>legis</span> <span class='ocrx_word' id='word_1_58' title='bbox 728 1210 870 1294; x_wconf 87' lang='lat' dir='ltr'>actione,</span> <span class='ocrx_word' id='word_1_59' title='bbox 891 1208 957 1282; x_wconf 76' lang='lat' dir='ltr'>ubi</span> <span class='ocrx_word' id='word_1_60' title='bbox 971 1208 1084 1281; x_wconf 78' lang='lat' dir='ltr'>nullus</span> <span class='ocrx_word' id='word_1_61' title='bbox 1100 1232 1207 1298; x_wconf 87' lang='lat' dir='ltr'>paene</span> 
     </span>
     <span class='ocr_line' id='line_1_9' title="bbox 157 1305 1220 1401; baseline -0.004 -18"><span class='ocrx_word' id='word_1_62' title='bbox 157 1313 282 1383; x_wconf 78' lang='lat' dir='ltr'>tuodus</span> <span class='ocrx_word' id='word_1_63' title='bbox 301 1313 548 1397; x_wconf 73' lang='lat' dir='ltr'>inveniebatur,</span> <span class='ocrx_word' id='word_1_64' title='bbox 580 1313 665 1381; x_wconf 88' lang='lat' dir='ltr'>aetio</span> <span class='ocrx_word' id='word_1_65' title='bbox 688 1313 780 1401; x_wconf 86' lang='lat' dir='ltr'>ipsa,</span> <span class='ocrx_word' id='word_1_66' title='bbox 815 1313 840 1379; x_wconf 85' lang='lat' dir='ltr'>i.</span> <span class='ocrx_word' id='word_1_67' title='bbox 864 1305 895 1378; x_wconf 77' lang='lat' dir='ltr'>e.</span> <span class='ocrx_word' id='word_1_68' title='bbox 913 1312 978 1399; x_wconf 84' lang='lat' dir='ltr'>jas,</span> <span class='ocrx_word' id='word_1_69' title='bbox 993 1311 1139 1387; x_wconf 80' lang='lat' dir='ltr'>deletum</span> <span class='ocrx_word' id='word_1_70' title='bbox 1159 1310 1220 1395; x_wconf 25' lang='lat' dir='ltr'>ui·-</span> 
     </span>
     <span class='ocr_line' id='line_1_10' title="bbox 156 1412 1206 1506; baseline -0.012 -16"><span class='ocrx_word' id='word_1_71' title='bbox 156 1418 314 1490; x_wconf 71' lang='lat' dir='ltr'>sdebatur.</span> <span class='ocrx_word' id='word_1_72' title='bbox 350 1415 409 1489; x_wconf 53' lang='lat' dir='ltr'>zNe</span> <span class='ocrx_word' id='word_1_73' title='bbox 430 1429 538 1483; x_wconf 83' lang='lat' dir='ltr'>tamen</span> <span class='ocrx_word' id='word_1_74' title='bbox 560 1415 727 1506; x_wconf 84' lang='lat' dir='ltr'>singulare</span> <span class='ocrx_word' id='word_1_75' title='bbox 747 1416 811 1482; x_wconf 90' lang='lat' dir='ltr'>boc</span> <span class='ocrx_word' id='word_1_76' title='bbox 829 1412 887 1501; x_wconf 83' lang='lat' dir='ltr'>jus</span> <span class='ocrx_word' id='word_1_77' title='bbox 916 1412 1064 1504; x_wconf 74' lang='lat' dir='ltr'>pigneris</span> <span class='ocrx_word' id='word_1_78' title='bbox 1097 1413 1206 1504; x_wconf 84' lang='lat' dir='ltr'>capia·</span> 
     </span>
     <span class='ocr_line' id='line_1_11' title="bbox 157 1516 1207 1607; baseline -0.003 -21"><span class='ocrx_word' id='word_1_79' title='bbox 157 1518 219 1587; x_wconf 80' lang='lat' dir='ltr'>nis</span> <span class='ocrx_word' id='word_1_80' title='bbox 247 1518 282 1589; x_wconf 87' lang='lat' dir='ltr'>in</span> <span class='ocrx_word' id='word_1_81' title='bbox 296 1529 416 1585; x_wconf 84' lang='lat' dir='ltr'>toturn</span> <span class='ocrx_word' id='word_1_82' title='bbox 448 1518 616 1600; x_wconf 81' lang='lat' dir='ltr'>interiret,</span> <span class='ocrx_word' id='word_1_83' title='bbox 632 1527 774 1607; x_wconf 80' lang='lat' dir='ltr'>,postea-</span> <span class='ocrx_word' id='word_1_84' title='bbox 787 1517 947 1583; x_wconf 81' lang='lat' dir='ltr'>formulae</span> <span class='ocrx_word' id='word_1_85' title='bbox 976 1516 1137 1606; x_wconf 82' lang='lat' dir='ltr'>quaedam</span> <span class='ocrx_word' id='word_1_86' title='bbox 1164 1516 1207 1583; x_wconf 89' lang='lat' dir='ltr'>ad</span> 
     </span>
     <span class='ocr_line' id='line_1_12' title="bbox 158 1618 1205 1708; baseline -0.005 -20"><span class='ocrx_word' id='word_1_87' title='bbox 158 1621 271 1708; x_wconf 74' lang='lat' dir='ltr'>,bajas</span> <span class='ocrx_word' id='word_1_88' title='bbox 289 1620 437 1691; x_wconf 81' lang='lat' dir='ltr'>actionis</span> <span class='ocrx_word' id='word_1_89' title='bbox 465 1621 630 1688; x_wconf 83' lang='lat' dir='ltr'>fictionem</span> <span class='ocrx_word' id='word_1_90' title='bbox 666 1630 844 1708; x_wconf 70' lang='lat' dir='ltr'>conceptae</span> <span class='ocrx_word' id='word_1_91' title='bbox 876 1632 972 1701; x_wconf 84' lang='lat' dir='ltr'>sunt,</span> <span class='ocrx_word' id='word_1_92' title='bbox 1006 1621 1042 1685; x_wconf 90' lang='lat' dir='ltr'>in</span> <span class='ocrx_word' id='word_1_93' title='bbox 1083 1618 1205 1708; x_wconf 84' lang='lat' dir='ltr'>quibua</span> 
     </span>
     <span class='ocr_line' id='line_1_13' title="bbox 165 1720 1201 1808; baseline -0.002 -17"><span class='ocrx_word' id='word_1_94' title='bbox 165 1744 263 1791; x_wconf 79' lang='lat' dir='ltr'>amne</span> <span class='ocrx_word' id='word_1_95' title='bbox 279 1721 338 1808; x_wconf 84' lang='lat' dir='ltr'>joa</span> <span class='ocrx_word' id='word_1_96' title='bbox 359 1721 478 1789; x_wconf 81' lang='lat' dir='ltr'>actoris</span> <span class='ocrx_word' id='word_1_97' title='bbox 498 1721 701 1790; x_wconf 84' lang='lat' dir='ltr'>ex&#39;lietiona&#39;</span> <span class='ocrx_word' id='word_1_98' title='bbox 717 1722 916 1789; x_wconf 72' lang='lat' dir='ltr'>descendere</span> <span class='ocrx_word' id='word_1_99' title='bbox 937 1720 1121 1791; x_wconf 76' lang='lat' dir='ltr'>videbatur.</span> <span class='ocrx_word' id='word_1_100' title='bbox 1197 1782 1201 1789; x_wconf 92' lang='lat'><em>.</em></span> 
     </span>
     <span class='ocr_line' id='line_1_14' title="bbox 161 1823 1207 1913; baseline 0 -22"><span class='ocrx_word' id='word_1_101' title='bbox 161 1888 164 1897; x_wconf 91' lang='grc'>,</span> <span class='ocrx_word' id='word_1_102' title='bbox 190 1876 195 1885; x_wconf 90' lang='grc'><strong><em>.</em></strong></span> <span class='ocrx_word' id='word_1_103' title='bbox 227 1870 229 1875; x_wconf 83' lang='lat'><em>.</em></span> <span class='ocrx_word' id='word_1_104' title='bbox 249 1824 404 1899; x_wconf 74' lang='lat' dir='ltr'>Famula</span> <span class='ocrx_word' id='word_1_105' title='bbox 420 1835 529 1891; x_wconf 89' lang='lat' dir='ltr'>autem</span> <span class='ocrx_word' id='word_1_106' title='bbox 550 1825 643 1913; x_wconf 86' lang='lat' dir='ltr'>ipsa,</span> <span class='ocrx_word' id='word_1_107' title='bbox 672 1823 729 1889; x_wconf 89' lang='lat' dir='ltr'>cui</span> <span class='ocrx_word' id='word_1_108' title='bbox 751 1825 832 1890; x_wconf 88' lang='lat' dir='ltr'>baec</span> <span class='ocrx_word' id='word_1_109' title='bbox 851 1824 940 1890; x_wconf 83' lang='lat' dir='ltr'>fictio</span> <span class='ocrx_word' id='word_1_110' title='bbox 962 1825 1110 1907; x_wconf 79' lang='lat' dir='ltr'>inclara,</span> <span class='ocrx_word' id='word_1_111' title='bbox 1139 1845 1207 1891; x_wconf 89' lang='lat' dir='ltr'>non</span> 
     </span>
     <span class='ocr_line' id='line_1_15' title="bbox 160 1918 1208 2017; baseline 0.008 -28"><span class='ocrx_word' id='word_1_112' title='bbox 160 1925 303 2017; x_wconf 79' lang='lat' dir='ltr'>propria·</span> <span class='ocrx_word' id='word_1_113' title='bbox 312 1918 477 2015; x_wconf 65' lang='lat' dir='ltr'>{quaedam</span> <span class='ocrx_word' id='word_1_114' title='bbox 502 1938 588 2011; x_wconf 82' lang='lat' dir='ltr'>est,¹</span> <span class='ocrx_word' id='word_1_115' title='bbox 608 1949 649 1993; x_wconf 86' lang='lat' dir='ltr'>ex</span> <span class='ocrx_word' id='word_1_116' title='bbox 677 1926 776 1993; x_wconf 84' lang='lat' dir='ltr'>certis</span> <span class='ocrx_word' id='word_1_117' title='bbox 798 1926 867 1993; x_wconf 86' lang='lat' dir='ltr'>illis</span> <span class='ocrx_word' id='word_1_118' title='bbox 888 1927 1037 2016; x_wconf 81' lang='lat' dir='ltr'>pignoris</span> <span class='ocrx_word' id='word_1_119' title='bbox 1058 1926 1208 2017; x_wconf 82' lang='lat' dir='ltr'>capionis</span> 
     </span>
     <span class='ocr_line' id='line_1_16' title="bbox 60 2028 1208 2115; baseline 0.002 -20"><span class='ocrx_word' id='word_1_120' title='bbox 60 2103 63 2113; x_wconf 13' lang='lat' dir='ltr'>p</span> <span class='ocrx_word' id='word_1_121' title='bbox 108 2030 109 2034; x_wconf 71' lang='grc'>’</span> <span class='ocrx_word' id='word_1_122' title='bbox 165 2028 278 2115; x_wconf 79' lang='lat' dir='ltr'>sarbia</span> <span class='ocrx_word' id='word_1_123' title='bbox 297 2028 458 2112; x_wconf 75' lang='lat' dir='ltr'>formula,</span> <span class='ocrx_word' id='word_1_124' title='bbox 490 2030 549 2096; x_wconf 87' lang='lat' dir='ltr'>sed</span> <span class='ocrx_word' id='word_1_125' title='bbox 581 2029 622 2097; x_wconf 87' lang='lat' dir='ltr'>ad</span> <span class='ocrx_word' id='word_1_126' title='bbox 652 2039 833 2097; x_wconf 82' lang='lat' dir='ltr'>ceteramm</span> <span class='ocrx_word' id='word_1_127' title='bbox 861 2030 1077 2095; x_wconf 75' lang='lat' dir='ltr'>formularum</span> <span class='ocrx_word' id='word_1_128' title='bbox 1097 2029 1208 2097; x_wconf 76' lang='lat' dir='ltr'>analo.-</span> 
     </span>
     <span class='ocr_line' id='line_1_17' title="bbox 165 2120 1208 2224; baseline -0.002 -25"><span class='ocrx_word' id='word_1_129' title='bbox 165 2120 251 2224; x_wconf 70' lang='lat' dir='ltr'>giam</span> <span class='ocrx_word' id='word_1_130' title='bbox 265 2154 439 2220; x_wconf 68' lang='lat' dir='ltr'>expressa.</span> <span class='ocrx_word' id='word_1_131' title='bbox 484 2131 578 2216; x_wconf 78' lang='lat' dir='ltr'>Quae</span> <span class='ocrx_word' id='word_1_132' title='bbox 601 2153 654 2197; x_wconf 85' lang='lat' dir='ltr'>res</span> <span class='ocrx_word' id='word_1_133' title='bbox 678 2131 881 2199; x_wconf 73' lang='lat' dir='ltr'>occasionem</span> <span class='ocrx_word' id='word_1_134' title='bbox 902 2132 999 2200; x_wconf 87' lang='lat' dir='ltr'>nobis</span> <span class='ocrx_word' id='word_1_135' title='bbox 1019 2131 1208 2221; x_wconf 87' lang='lat' dir='ltr'>suppeditat</span> 
     </span>
     <span class='ocr_line' id='line_1_18' title="bbox 114 2232 1208 2324; baseline 0 -23"><span class='ocrx_word' id='word_1_136' title='bbox 114 2266 116 2273; x_wconf 95' lang='lat'>·</span> <span class='ocrx_word' id='word_1_137' title='bbox 165 2245 202 2301; x_wconf 85' lang='lat' dir='ltr'>et</span> <span class='ocrx_word' id='word_1_138' title='bbox 215 2233 310 2301; x_wconf 91' lang='lat' dir='ltr'>alind</span> <span class='ocrx_word' id='word_1_139' title='bbox 331 2233 494 2323; x_wconf 84' lang='lat' dir='ltr'>quoddam</span> <span class='ocrx_word' id='word_1_140' title='bbox 507 2232 700 2324; x_wconf 79' lang='lat' dir='ltr'>attingendi.</span> <span class='ocrx_word' id='word_1_141' title='bbox 744 2234 844 2300; x_wconf 91' lang='lat' dir='ltr'>lnitio</span> <span class='ocrx_word' id='word_1_142' title='bbox 865 2235 1071 2322; x_wconf 76' lang='lat' dir='ltr'>enimlaujrs</span> <span class='ocrx_word' id='word_1_143' title='bbox 1092 2235 1208 2303; x_wconf 86' lang='lat' dir='ltr'>tertiae</span> 
     </span>
     <span class='ocr_line' id='line_1_19' title="bbox 163 2336 1210 2427; baseline 0.01 -30"><span class='ocrx_word' id='word_1_144' title='bbox 163 2338 269 2427; x_wconf 80' lang='lat' dir='ltr'>‚partia</span> <span class='ocrx_word' id='word_1_145' title='bbox 288 2338 447 2411; x_wconf 76' lang='lat' dir='ltr'>formulas</span> <span class='ocrx_word' id='word_1_146' title='bbox 466 2336 697 2405; x_wconf 88' lang='lat' dir='ltr'>vindicationis</span> <span class='ocrx_word' id='word_1_147' title='bbox 724 2348 758 2404; x_wconf 87' lang='lat' dir='ltr'>et</span> <span class='ocrx_word' id='word_1_148' title='bbox 788 2338 1005 2412; x_wconf 77' lang='lat' dir='ltr'>condictionis</span> <span class='ocrx_word' id='word_1_149' title='bbox 1033 2362 1077 2411; x_wconf 74' lang='lat' dir='ltr'>ex</span> <span class='ocrx_word' id='word_1_150' title='bbox 1103 2363 1210 2407; x_wconf 88' lang='lat' dir='ltr'>sacra·</span> 
     </span>
     <span class='ocr_line' id='line_1_20' title="bbox 125 2438 1209 2513; baseline 0.007 -8"><span class='ocrx_word' id='word_1_151' title='bbox 125 2486 127 2493; x_wconf 86' lang='lat'><em>-</em></span> <span class='ocrx_word' id='word_1_152' title='bbox 164 2439 268 2513; x_wconf 74' lang='lat' dir='ltr'>arenti</span> <span class='ocrx_word' id='word_1_153' title='bbox 285 2439 413 2508; x_wconf 80' lang='lat' dir='ltr'>actione</span> <span class='ocrx_word' id='word_1_154' title='bbox 430 2438 562 2507; x_wconf 87' lang='lat' dir='ltr'>mutatis</span> <span class='ocrx_word' id='word_1_155' title='bbox 576 2439 739 2507; x_wconf 86' lang='lat' dir='ltr'>mutandis</span> <span class='ocrx_word' id='word_1_156' title='bbox 755 2442 925 2509; x_wconf 69' lang='lat' dir='ltr'>transistus</span> <span class='ocrx_word' id='word_1_157' title='bbox 948 2442 1053 2511; x_wconf 69' lang='lat' dir='ltr'>laius</span> <span class='ocrx_word' id='word_1_158' title='bbox 1075 2442 1209 2513; x_wconf 83' lang='lat' dir='ltr'>demota·</span> 
     </span>
     <span class='ocr_line' id='line_1_21' title="bbox 165 2542 1209 2634; baseline 0.001 -23"><span class='ocrx_word' id='word_1_159' title='bbox 165 2543 278 2613; x_wconf 86' lang='lat' dir='ltr'>stravi.</span> <span class='ocrx_word' id='word_1_160' title='bbox 334 2542 425 2613; x_wconf 80' lang='lat' dir='ltr'>‚lodo</span> <span class='ocrx_word' id='word_1_161' title='bbox 457 2565 494 2608; x_wconf 88' lang='lat' dir='ltr'>ea</span> <span class='ocrx_word' id='word_1_162' title='bbox 524 2542 629 2609; x_wconf 86' lang='lat' dir='ltr'>oritur</span> <span class='ocrx_word' id='word_1_163' title='bbox 659 2543 830 2631; x_wconf 85' lang='lat' dir='ltr'>quaestio,</span> <span class='ocrx_word' id='word_1_164' title='bbox 863 2551 948 2634; x_wconf 76' lang='lat' dir='ltr'>qnae</span> <span class='ocrx_word' id='word_1_165' title='bbox 978 2544 1139 2611; x_wconf 65' lang='lat' dir='ltr'>mumulus</span> <span class='ocrx_word' id='word_1_166' title='bbox 1163 2568 1209 2612; x_wconf 85' lang='lat' dir='ltr'>ex</span> 
     </span>
     <span class='ocr_line' id='line_1_22' title="bbox 160 2641 1211 2735; baseline 0 -22"><span class='ocrx_word' id='word_1_167' title='bbox 160 2646 351 2735; x_wconf 78' lang='lat' dir='ltr'>actionibus</span> <span class='ocrx_word' id='word_1_168' title='bbox 373 2668 433 2733; x_wconf 85' lang='lat' dir='ltr'>per</span> <span class='ocrx_word' id='word_1_169' title='bbox 448 2643 574 2729; x_wconf 84' lang='lat' dir='ltr'>judicis</span> <span class='ocrx_word' id='word_1_170' title='bbox 595 2645 846 2734; x_wconf 72' lang='lat' dir='ltr'>postulationem</span> <span class='ocrx_word' id='word_1_171' title='bbox 876 2657 910 2711; x_wconf 90' lang='lat' dir='ltr'>et</span> <span class='ocrx_word' id='word_1_172' title='bbox 939 2641 1013 2735; x_wconf 77' lang='lat' dir='ltr'>per&#39;</span> <span class='ocrx_word' id='word_1_173' title='bbox 1028 2646 1211 2715; x_wconf 66' lang='lat' dir='ltr'>condictio</span> 
     </span>
     <span class='ocr_line' id='line_1_23' title="bbox 164 2748 1211 2838; baseline 0.001 -23"><span class='ocrx_word' id='word_1_174' title='bbox 164 2772 243 2819; x_wconf 71' lang='lat' dir='ltr'>uem</span> <span class='ocrx_word' id='word_1_175' title='bbox 263 2748 333 2818; x_wconf 90' lang='lat' dir='ltr'>aiot</span> <span class='ocrx_word' id='word_1_176' title='bbox 352 2748 521 2831; x_wconf 78' lang='lat' dir='ltr'>formatae,</span> <span class='ocrx_word' id='word_1_177' title='bbox 541 2771 602 2837; x_wconf 89' lang='lat' dir='ltr'>per</span> <span class='ocrx_word' id='word_1_178' title='bbox 624 2772 705 2838; x_wconf 85' lang='lat' dir='ltr'>qaras</span> <span class='ocrx_word' id='word_1_179' title='bbox 726 2771 840 2816; x_wconf 87' lang='lat' dir='ltr'>omnes</span> <span class='ocrx_word' id='word_1_180' title='bbox 859 2748 896 2815; x_wconf 91' lang='lat' dir='ltr'>in</span> <span class='ocrx_word' id='word_1_181' title='bbox 911 2772 1083 2838; x_wconf 86' lang='lat' dir='ltr'>personam</span> <span class='ocrx_word' id='word_1_182' title='bbox 1107 2748 1211 2816; x_wconf 88' lang='lat' dir='ltr'>aetio·</span> 
     </span>
     <span class='ocr_line' id='line_1_24' title="bbox 157 2851 1210 2942; baseline -0.005 -18"><span class='ocrx_word' id='word_1_183' title='bbox 157 2879 225 2924; x_wconf 77' lang='lat' dir='ltr'>-nes</span> <span class='ocrx_word' id='word_1_184' title='bbox 248 2852 442 2942; x_wconf 65' lang='lat' dir='ltr'>disceptatae</span> <span class='ocrx_word' id='word_1_185' title='bbox 457 2851 561 2919; x_wconf 81' lang='lat' dir='ltr'>luisse</span> <span class='ocrx_word' id='word_1_186' title='bbox 574 2851 728 2920; x_wconf 84' lang='lat' dir='ltr'>vidimus.</span> <span class='ocrx_word' id='word_1_187' title='bbox 752 2852 836 2918; x_wconf 80' lang='lat' dir='ltr'>-flis</span> <span class='ocrx_word' id='word_1_188' title='bbox 856 2863 966 2922; x_wconf 86' lang='lat' dir='ltr'>antem</span> <span class='ocrx_word' id='word_1_189' title='bbox 982 2852 1112 2921; x_wconf 90' lang='lat' dir='ltr'>nullum</span> <span class='ocrx_word' id='word_1_190' title='bbox 1133 2876 1210 2942; x_wconf 90' lang='lat' dir='ltr'>spa·</span> 
     </span>
     <span class='ocr_line' id='line_1_25' title="bbox 164 2954 1223 3047; baseline -0.003 -23"><span class='ocrx_word' id='word_1_191' title='bbox 164 2957 247 3024; x_wconf 86' lang='lat' dir='ltr'>tium</span> <span class='ocrx_word' id='word_1_192' title='bbox 268 2954 421 3039; x_wconf 84' lang='lat' dir='ltr'>relictum</span> <span class='ocrx_word' id='word_1_193' title='bbox 439 2954 590 3038; x_wconf 82' lang='lat' dir='ltr'>videtur,</span> <span class='ocrx_word' id='word_1_194' title='bbox 612 2978 715 3046; x_wconf 83' lang='lat' dir='ltr'>quun</span> <span class='ocrx_word' id='word_1_195' title='bbox 736 2966 907 3046; x_wconf 69' lang='lat' dir='ltr'>utranmnc</span> <span class='ocrx_word' id='word_1_196' title='bbox 928 2955 1125 3037; x_wconf 78' lang='lat' dir='ltr'>formalem,</span> <span class='ocrx_word' id='word_1_197' title='bbox 1146 2979 1223 3047; x_wconf 43' lang='lat' dir='ltr'>per,</span> 
     </span>
     <span class='ocr_line' id='line_1_26' title="bbox 167 3057 1211 3150; baseline 0 -23"><span class='ocrx_word' id='word_1_198' title='bbox 167 3082 265 3150; x_wconf 83' lang='lat' dir='ltr'>qnam</span> <span class='ocrx_word' id='word_1_199' title='bbox 288 3069 330 3127; x_wconf 86' lang='lat' dir='ltr'>et.</span> <span class='ocrx_word' id='word_1_200' title='bbox 343 3057 470 3126; x_wconf 86' lang='lat' dir='ltr'>iurem</span> <span class='ocrx_word' id='word_1_201' title='bbox 491 3067 525 3126; x_wconf 91' lang='lat' dir='ltr'>et</span> <span class='ocrx_word' id='word_1_202' title='bbox 545 3058 581 3125; x_wconf 89' lang='lat' dir='ltr'>iu</span> <span class='ocrx_word' id='word_1_203' title='bbox 602 3081 774 3146; x_wconf 80' lang='lat' dir='ltr'>personam</span> <span class='ocrx_word' id='word_1_204' title='bbox 795 3070 961 3148; x_wconf 75' lang='lat' dir='ltr'>ageretur,</span> <span class='ocrx_word' id='word_1_205' title='bbox 989 3059 1059 3144; x_wconf 84' lang='lat' dir='ltr'>jam</span> <span class='ocrx_word' id='word_1_206' title='bbox 1084 3083 1137 3127; x_wconf 83' lang='lat' dir='ltr'>ex</span> <span class='ocrx_word' id='word_1_207' title='bbox 1155 3083 1211 3126; x_wconf 87' lang='lat' dir='ltr'>sa·</span> 
     </span>
     <span class='ocr_line' id='line_1_27' title="bbox 163 3158 1213 3238; baseline 0.002 -10"><span class='ocrx_word' id='word_1_208' title='bbox 163 3159 323 3228; x_wconf 76' lang='lat' dir='ltr'>coamenti</span> <span class='ocrx_word' id='word_1_209' title='bbox 343 3158 472 3228; x_wconf 89' lang='lat' dir='ltr'>actione</span> <span class='ocrx_word' id='word_1_210' title='bbox 491 3158 701 3238; x_wconf 80' lang='lat' dir='ltr'>descendisse</span> <span class='ocrx_word' id='word_1_211' title='bbox 727 3160 879 3227; x_wconf 86' lang='lat' dir='ltr'>sciamus.</span> <span class='ocrx_word' id='word_1_212' title='bbox 924 3160 999 3232; x_wconf 69' lang='lat' dir='ltr'>tini</span> <span class='ocrx_word' id='word_1_213' title='bbox 1020 3160 1213 3229; x_wconf 83' lang='lat' dir='ltr'>difficultati</span> 
     </span>
     <span class='ocr_line' id='line_1_28' title="bbox 163 3256 1213 3354; baseline 0.002 -25"><span class='ocrx_word' id='word_1_214' title='bbox 163 3262 316 3329; x_wconf 84' lang='lat' dir='ltr'>enodatio</span> <span class='ocrx_word' id='word_1_215' title='bbox 336 3261 462 3329; x_wconf 89' lang='lat' dir='ltr'>accedit</span> <span class='ocrx_word' id='word_1_216' title='bbox 482 3256 635 3346; x_wconf 80' lang='lat' dir='ltr'>axillis,</span> <span class='ocrx_word' id='word_1_217' title='bbox 665 3286 750 3353; x_wconf 86' lang='lat' dir='ltr'>quae</span> <span class='ocrx_word' id='word_1_218' title='bbox 777 3286 876 3352; x_wconf 90' lang='lat' dir='ltr'>supra</span> <span class='ocrx_word' id='word_1_219' title='bbox 897 3263 939 3330; x_wconf 89' lang='lat' dir='ltr'>de</span> <span class='ocrx_word' id='word_1_220' title='bbox 958 3264 1085 3354; x_wconf 78' lang='lat' dir='ltr'>origine</span> <span class='ocrx_word' id='word_1_221' title='bbox 1109 3263 1213 3331; x_wconf 70' lang='lat' dir='ltr'>actia»</span> 
     </span>
     <span class='ocr_line' id='line_1_29' title="bbox 163 3366 1209 3456; baseline 0.004 -25"><span class='ocrx_word' id='word_1_222' title='bbox 163 3387 244 3431; x_wconf 86' lang='lat' dir='ltr'>nom</span> <span class='ocrx_word' id='word_1_223' title='bbox 263 3388 338 3454; x_wconf 89' lang='lat' dir='ltr'>per·</span> <span class='ocrx_word' id='word_1_224' title='bbox 354 3376 589 3432; x_wconf 86' lang='lat' dir='ltr'>sacramentum</span> <span class='ocrx_word' id='word_1_225' title='bbox 619 3377 653 3432; x_wconf 89' lang='lat' dir='ltr'>et</span> <span class='ocrx_word' id='word_1_226' title='bbox 684 3390 757 3456; x_wconf 90' lang='lat' dir='ltr'>per·</span> <span class='ocrx_word' id='word_1_227' title='bbox 775 3366 1015 3435; x_wconf 84' lang='lat' dir='ltr'>condictionem</span> <span class='ocrx_word' id='word_1_228' title='bbox 1049 3366 1209 3439; x_wconf 81' lang='lat' dir='ltr'>disserui.</span> 
     </span>
     <span class='ocr_line' id='line_1_30' title="bbox 163 3465 1212 3548; baseline 0.003 -13"><span class='ocrx_word' id='word_1_229' title='bbox 163 3465 317 3535; x_wconf 85' lang='lat' dir='ltr'>Vidimus</span> <span class='ocrx_word' id='word_1_230' title='bbox 340 3466 449 3548; x_wconf 85' lang='lat' dir='ltr'>euim,</span> <span class='ocrx_word' id='word_1_231' title='bbox 474 3469 532 3534; x_wconf 86' lang='lat' dir='ltr'>bas</span> <span class='ocrx_word' id='word_1_232' title='bbox 554 3469 635 3538; x_wconf 88' lang='lat' dir='ltr'>duas</span> <span class='ocrx_word' id='word_1_233' title='bbox 655 3470 799 3538; x_wconf 87' lang='lat' dir='ltr'>actiones</span> <span class='ocrx_word' id='word_1_234' title='bbox 820 3469 1018 3539; x_wconf 85' lang='lat' dir='ltr'>successisse</span> <span class='ocrx_word' id='word_1_235' title='bbox 1040 3470 1075 3535; x_wconf 87' lang='lat' dir='ltr'>in</span> <span class='ocrx_word' id='word_1_236' title='bbox 1096 3471 1212 3543; x_wconf 81' lang='lat' dir='ltr'>locum</span> 
     </span>
     <span class='ocr_line' id='line_1_31' title="bbox 124 3562 1210 3663; baseline 0.001 -25"><span class='ocrx_word' id='word_1_237' title='bbox 124 3654 127 3662; x_wconf 19' lang='grc' dir='ltr'>Ι</span> <span class='ocrx_word' id='word_1_238' title='bbox 162 3570 357 3639; x_wconf 74' lang='lat' dir='ltr'>sacramenti</span> <span class='ocrx_word' id='word_1_239' title='bbox 389 3570 527 3639; x_wconf 88' lang='lat' dir='ltr'>actionis</span> <span class='ocrx_word' id='word_1_240' title='bbox 565 3572 601 3639; x_wconf 92' lang='lat' dir='ltr'>in</span> <span class='ocrx_word' id='word_1_241' title='bbox 641 3596 813 3662; x_wconf 87' lang='lat' dir='ltr'>porsonam</span> <span class='ocrx_word' id='word_1_242' title='bbox 825 3618 837 3655; x_wconf 90' lang='lat'><strong><em>,</em></strong></span> <span class='ocrx_word' id='word_1_243' title='bbox 878 3573 965 3641; x_wconf 87' lang='lat' dir='ltr'>unde</span> <span class='ocrx_word' id='word_1_244' title='bbox 994 3562 1210 3663; x_wconf 73' lang='lat' dir='ltr'>intelligitur,</span> 
     </span>
     <span class='ocr_line' id='line_1_32' title="bbox 109 3673 1211 3764; baseline 0.004 -23"><span class='ocrx_word' id='word_1_245' title='bbox 109 3745 114 3758; x_wconf 33' lang='lat'><strong>¹</strong></span> <span class='ocrx_word' id='word_1_246' title='bbox 147 3674 293 3741; x_wconf 81' lang='lat' dir='ltr'>&#39;easdem</span> <span class='ocrx_word' id='word_1_247' title='bbox 315 3673 494 3757; x_wconf 75' lang='lat' dir='ltr'>formulas,</span> <span class='ocrx_word' id='word_1_248' title='bbox 529 3698 611 3764; x_wconf 83' lang='lat' dir='ltr'>quas</span> <span class='ocrx_word' id='word_1_249' title='bbox 634 3675 703 3762; x_wconf 83' lang='lat' dir='ltr'>jaan</span> <span class='ocrx_word' id='word_1_250' title='bbox 734 3675 769 3742; x_wconf 89' lang='lat' dir='ltr'>in</span> <span class='ocrx_word' id='word_1_251' title='bbox 792 3674 985 3746; x_wconf 70' lang='lat' dir='ltr'>sacramenti</span> <span class='ocrx_word' id='word_1_252' title='bbox 1006 3676 1135 3747; x_wconf 83' lang='lat' dir='ltr'>actione</span> <span class='ocrx_word' id='word_1_253' title='bbox 1153 3675 1211 3745; x_wconf 88' lang='lat' dir='ltr'>in·</span> 
     </span>
     <span class='ocr_line' id='line_1_33' title="bbox 160 3776 1212 3868; baseline 0.005 -26"><span class='ocrx_word' id='word_1_254' title='bbox 160 3776 333 3860; x_wconf 80' lang='lat' dir='ltr'>venimus,</span> <span class='ocrx_word' id='word_1_255' title='bbox 365 3800 515 3867; x_wconf 85' lang='lat' dir='ltr'>quaeque</span> <span class='ocrx_word' id='word_1_256' title='bbox 543 3800 610 3844; x_wconf 88' lang='lat' dir='ltr'>non</span> <span class='ocrx_word' id='word_1_257' title='bbox 642 3776 734 3843; x_wconf 89' lang='lat' dir='ltr'>illins</span> <span class='ocrx_word' id='word_1_258' title='bbox 761 3778 907 3845; x_wconf 84' lang='lat' dir='ltr'>actionis·</span> <span class='ocrx_word' id='word_1_259' title='bbox 920 3778 1111 3851; x_wconf 84' lang='lat' dir='ltr'>solennitati</span> <span class='ocrx_word' id='word_1_260' title='bbox 1131 3798 1212 3868; x_wconf 83' lang='lat' dir='ltr'>spe·</span> 
     </span>
     <span class='ocr_line' id='line_1_34' title="bbox 161 3875 1212 3970; baseline 0.005 -24"><span class='ocrx_word' id='word_1_261' title='bbox 161 3875 291 3946; x_wconf 82' lang='lat' dir='ltr'>cialiter</span> <span class='ocrx_word' id='word_1_262' title='bbox 311 3879 568 3962; x_wconf 83' lang='lat' dir='ltr'>adscribendae,</span> <span class='ocrx_word' id='word_1_263' title='bbox 604 3880 663 3944; x_wconf 90' lang='lat' dir='ltr'>sed</span> <span class='ocrx_word' id='word_1_264' title='bbox 682 3880 795 3969; x_wconf 88' lang='lat' dir='ltr'>potios</span> <span class='ocrx_word' id='word_1_265' title='bbox 807 3882 868 3967; x_wconf 88' lang='lat' dir='ltr'>-jus</span> <span class='ocrx_word' id='word_1_266' title='bbox 890 3881 1000 3970; x_wconf 82' lang='lat' dir='ltr'>ipsum</span> <span class='ocrx_word' id='word_1_267' title='bbox 1020 3881 1212 3970; x_wconf 61' lang='lat' dir='ltr'>exprimere</span> 
     </span>
     <span class='ocr_line' id='line_1_35' title="bbox 158 3981 1211 4074; baseline 0.003 -24"><span class='ocrx_word' id='word_1_268' title='bbox 158 3981 334 4064; x_wconf 81' lang='lat' dir='ltr'>ridentur,</span> <span class='ocrx_word' id='word_1_269' title='bbox 358 3991 473 4070; x_wconf 88' lang='lat' dir='ltr'>postea</span> <span class='ocrx_word' id='word_1_270' title='bbox 496 3982 537 4047; x_wconf 88' lang='lat' dir='ltr'>ad</span> <span class='ocrx_word' id='word_1_271' title='bbox 565 3982 647 4048; x_wconf 86' lang='lat' dir='ltr'>duas</span> <span class='ocrx_word' id='word_1_272' title='bbox 662 3983 849 4074; x_wconf 68' lang='lat' dir='ltr'>illasslegis</span> <span class='ocrx_word' id='word_1_273' title='bbox 868 3984 1014 4057; x_wconf 85' lang='lat' dir='ltr'>actiones</span> <span class='ocrx_word' id='word_1_274' title='bbox 1032 3985 1211 4053; x_wconf 87' lang='lat' dir='ltr'>translatas</span> 
     </span>
     <span class='ocr_line' id='line_1_36' title="bbox 160 4084 1211 4177; baseline 0.002 -26"><span class='ocrx_word' id='word_1_275' title='bbox 160 4108 255 4168; x_wconf 84' lang='lat' dir='ltr'>asse,</span> <span class='ocrx_word' id='word_1_276' title='bbox 288 4084 323 4151; x_wconf 93' lang='lat' dir='ltr'>in</span> <span class='ocrx_word' id='word_1_277' title='bbox 349 4084 471 4174; x_wconf 84' lang='lat' dir='ltr'>quibus</span> <span class='ocrx_word' id='word_1_278' title='bbox 498 4085 631 4151; x_wconf 87' lang='lat' dir='ltr'>modum</span> <span class='ocrx_word' id='word_1_279' title='bbox 657 4087 898 4177; x_wconf 79' lang='lat' dir='ltr'>tantummodo,</span> <span class='ocrx_word' id='word_1_280' title='bbox 932 4110 999 4153; x_wconf 79' lang='lat' dir='ltr'>aon</span> <span class='ocrx_word' id='word_1_281' title='bbox 1020 4086 1211 4176; x_wconf 78' lang='lat' dir='ltr'>ipsusnjns</span> 
     </span>
     <span class='ocr_line' id='line_1_37' title="bbox 160 4187 1212 4280; baseline 0.006 -23"><span class='ocrx_word' id='word_1_282' title='bbox 160 4187 280 4279; x_wconf 76' lang='lat' dir='ltr'>agendi</span> <span class='ocrx_word' id='word_1_283' title='bbox 296 4194 459 4257; x_wconf 72' lang='lat' dir='ltr'>‘monum</span> <span class='ocrx_word' id='word_1_284' title='bbox 479 4187 694 4280; x_wconf 80' lang='lat' dir='ltr'>esseliqnet.</span> <span class='ocrx_word' id='word_1_285' title='bbox 737 4188 885 4271; x_wconf 80' lang='lat' dir='ltr'>Sublatis</span> <span class='ocrx_word' id='word_1_286' title='bbox 900 4212 984 4280; x_wconf 66' lang='lat' dir='ltr'>areo,</span> <span class='ocrx_word' id='word_1_287' title='bbox 996 4188 1053 4261; x_wconf 87' lang='lat' dir='ltr'>lais</span> <span class='ocrx_word' id='word_1_288' title='bbox 1065 4189 1212 4265; x_wconf 44' lang='lat' dir='ltr'>:redonis</span> 
     </span>
    </p>
   </div>
   <div class='ocr_carea' id='block_1_3' title="bbox 0 0 1290 4800">
    <p class='ocr_par' dir='ltr' id='par_1_3' title="bbox 0 0 1290 4800">
     <span class='ocr_line' id='line_1_38' title="bbox 0 0 1290 4800; baseline 0 0"><span class='ocrx_word' id='word_1_289' title='bbox 0 0 1290 4800; x_wconf 95' lang='lat' dir='ltr'> </span> 
     </span>
    </p>
   </div>
  </div>
 </body>
</html>
