2572 4800
120 587 255 678 quidem
277 586 373 653 tradit
396 585 432 651 in
452 583 477 650 l.
492 583 526 648 9.
552 580 590 674 ᾗ
596 582 658 649 17.
673 582 719 648 D.
741 582 784 648 ds
803 584 897 674 orig.
905 587 991 672 jan,
1005 587 1155 675 ‘Augusti

121 691 264 780 primum
284 687 506 778 temporibus,
538 684 673 771 Atejum
692 684 995 777 Capitonemssvqni
1020 689 1154 755 Dliliam

120 804 253 860 secutus
275 801 343 874 est,
363 803 401 856 et
422 786 808 857 AntistiamLabeonem
832 789 933 855 veluti
957 790 1104 855 divorsas
1119 789 1156 855 in

118 895 195 981 jure
217 905 319 959 sectas
349 892 485 973 fecisse,
517 893 602 975 ¹nram
621 887 934 977 Atejns.Capito'in
962 893 1036 977 Lis,
1055 914 1179 980 r(prro

122 997 160 1060 ei.
176 996 292 1061 tradita
313 1004 425 1074 erant,
446 991 692 1081 perseverabat,
709 991 825 1056 hbeo
839 992 1156 1083 .iagenii.'ipnalitate

120 1109 156 1162 et
175 1096 294 1161 fiducia
318 1095 501 1173 doetrinae,
536 1092 595 1183 qui
617 1102 649 1158 et
681 1091 716 1157 in
733 1093 857 1171 foetoris
878 1095 1060 1183 sapientiae·
1075 1120 1155 1186 ope·

120 1220 190 1262 ram
216 1196 540 1286 dederat,'plnrima'
559 1194 722 1261 'innotare
742 1194 905 1266 instituit„
928 1234 970 1248 ·-
1006 1197 1163 1292 Qui-jug

120 1299 311 1366 risconsulti
335 1299 529 1388 'praesertim
557 1296 789 1363 oomsione'P.
813 1297 859 1363 V.
879 1298 1016 1364 sotionis
1051 1300 1155 1365 indi·

120 1427 230 1469 rersas
257 1415 364 1493 partes
401 1403 542 1468 abiisse·
563 1401 727 1467 videntur.
771 1400 862 1466 liaeo
878 1438 881 1444 ·
895 1403 982 1466 enim
1008 1402 1156 1490 quaestio

117 1507 254 1572 summi¹
267 1505 423 1571 momenti
451 1514 540 1584 erat,
570 1503 706 1568 et'laaud
728 1526 828 1567 unum
849 1504 1011 1591 quendam
1033 1515 1157 1568 certum
1240 1535 1242 1542 ι

120 1606 357 1696 definitumque
374 1612 511 1687 'casnm,
545 1603 604 1668 sed
623 1614 726 1667 totum
749 1604 809 1689 ‘jos
829 1605 926 1671 civile
958 1616 1157 1695 ennotasqne

121 1708 337 1798 obligationes
360 1707 473 1775 civiles
501 1704 674 1794 complecti
694 1705 874 1773 videbator.
918 1706 1015 1774 Unde
1036 1709 1155 1774 intelli·

121 1812 223 1902 gitur,
246 1810 393 1900 quamvis
418 1821 450 1876 et
469 1814 563 1883 antea
579 1808 814 1895 jam-diversas
834 1810 868 1874 in
884 1809 962 1895 jore
983 1812 1156 1899 opiniones

119 1913 310 1992 exstitisse,
337 1912 481 1978 dubitari
509 1935 578 1976 non
612 1910 740 1998 possit,
773 1921 919 1977 attamen.
944 1914 1068 1979 nullam
1087 1936 1156 1979 um·

122 2038 219 2104 qoam
236 2015 318 2079 tanti
340 2013 496 2078 momenti
516 2012 832 2099 nullamqnetantae
851 2013 1082 2100 magnitudinis
1103 2039 1156 2080 ns·

121 2138 189 2203 qne
210 2115 417 2203 sdssdugnsti
438 2122 583 2202 tempora
609 2111 773 2177 exstitisse
795 2115 1039 2202 qaaestionem,
1073 2140 1157 2206 quae

130 2217 216 2282 siout
234 2217 377 2281 haeode
398 2215 439 2279 Ρ.
460 2215 504 2281 V.
527 2215 934 2306 attione'sdeaparandas
956 2218 1036 2285 duas
1053 2218 1156 2305 jutis·

121 2314 347 2383 consultorum
359 2322 477 2382 lassoss
505 2317 622 2397 valere.
641 2318 796 2408 potnerit.
842 2318 916 2401 Qua
944 2320 996 2384 de‘
1014 2337 1051 2385 re
1070 2322 1158 2387 band

120 2418 264 2504 sinplius
281 2417 687 2507 dubitare-licebit,·qnsm
708 2421 849 2508 primam
874 2420 1059 2487 Labeonem
1081 2447 1157 2488 eon·

121 2519 527 2586 1ι·ι8ι1ιίιιὶιιιιίιι’Ρ.·,11
549 2521 710 2605 actionem
731 2520 919 2588 defendisse
938 2522 1155 2611 probaverim

123 2622 221 2704 Quod
252 2624 422 2713 sequentia
457 2623 636 2712 fragmenta
667 2647 709 2688 es
739 2623 846 2689 titulo
867 2623 935 2714 dig.
969 2623 1012 2690 tle
1040 2624 1090 2690 Ρ
1112 2624 1156 2692 V

122 2740 249 2877 samu,
271 2725 349 2791 satis
375 2748 540 2815 superque
562 2724 728 2790 indicant·
788 2779 792 2787 .
974 2758 977 2762 ’

139 2828 410 2917 Papinianus
444 2827 527 2892 inl.
547 2828 581 2892 1.
603 2825 637 2916 ξ.
654 2828 687 2890 1·.
709 2824 754 2891 D.
778 2826 880 2891 der.
892 2825 943 2892 '.V
959 2856 968 2892 ι
998 2820 1159 2909 „domino

125 2931 281 2997 moreium
304 2931 340 2996 in
363 2929 551 3019 magistrum
580 2927 706 3010 navis,
716 2927 756 2992 'si
776 2928 820 2992 sit
841 2928 1040 3014 incertum,
1050 2939 1159 2994 utram

124 3041 239 3100 navem
267 3032 461 3099 conduxerit
482 3055 523 3097 an
549 3039 672 3097 meroes
683 3029 854 3121 {vellendas
875 3010 1050 3114 locaverit,
1081 3033 1159 3098 oisi-

123 3136 189 3200 lem
203 3134 419 3201 actionemin
444 3135 564 3200 laetum
586 3131 831 3216 esse-dandam,
851 3132 988 3200 Labeo
1008 3135 1158 3201 scribit&
1250 3211 1254 3220 Ι

215 3235 381 3325 Ulpianus.
395 3235 420 3302 l.
437 3237 493 3324 lD.
508 3236 633 3326 'pr.¹.D.
654 3236 753 3302 'eodm
786 3236 933 3325 „rogasti
956 3260 1021 3318 me,
1044 3249 1080 3304 ut
1098 3239 1160 3304 tibi

125 3360 275 3404 nummos
297 3348 426 3404 mutuos
447 3337 569 3424 damn,
588 3359 659 3428 ⁵egos
674 3346 775 3428 qnam
797 3362 866 3404 non
886 3338 1059 3425 haberem,
1084 3341 1160 3407 dedi

123 3442 186 3507 tibi
207 3465 277 3506 rem
296 3440 535 3523 tendendam,
551 3452 587 3506 ut
607 3442 713 3531 pretio
735 3441 885 3507 utereris.
932 3441 969 3508 Si
990 3466 1069 3521 non
1083 3467 1161 3509 ven·

127 3543 239 3609 didisti
268 3553 325 3608 aut
352 3542 528 3609 vendidisti
564 3544 718 3634 quidem,
750 3546 921 3632 pecuniam
954 3557 1063 3612 antem
1092 3567 1160 3610 non

125 3644 281 3734 accepisti
307 3656 471 3730 mutuam,
512 3648 613 3712 tutius
647 3659 696 3714 est
732 3647 776 3713 ita
802 3671 921 3736 agere,
951 3659 987 3714 ut
1020 3648 1161 3715 Labeo

126 3749 191 3830 ait,
213 3750 254 3814 P.
275 3747 336 3830 V.,
359 3749 453 3838 quasi
474 3751 606 3840 negotio
622 3750 798 3869 quodam'
787 3763 875 3815 mter
894 3774 956 3817 nos
978 3762 1070 3842 gesto
1086 3774 1160 3843 pro·

126 3851 192 3940 prii
218 3853 436 3918 eontraotuffl.

212 3955 374 4043 Ulpianus
405 3955 487 4021 inl.
505 3957 563 4022 20.
585 3955 630 4037 D.
654 3955 750 4021 eodm
788 3954 904 4041 „apud
933 3952 1161 4027 Labeonem

127 4057 315 4147 quaeritura
348 4058 378 4123 si
410 4058 471 4124 tibi
494 4082 597 4147 equos
628 4060 758 4125 venales
790 4055 1004 4147 experiendos
1028 4052 1161 4133 dedero,
1226 4083 1234 4095 ι

126 4170 164 4224 ut
187 4159 217 4224 si
249 4157 283 4224 in
304 4159 412 4227 triduo
440 4162 684 4253 displicuissent
712 4162 885 4245 redderes,
926 4171 1027 4248 tuque
1055 4154 1162 4223 desul·
1279 4216 1281 4224 ,
