2572 4800
563 347 818 429 2290-

167 551 287 619 «lcindc
309 519 392 641 legis
412 550 550 616 actionis
571 549 640 615 illis
662 548 934 627 accommodatae,
949 549 1015 616 vim
1035 561 1134 640 atquo
1155 573 1212 618 aa·

166 669 272 723 turam
289 655 474 738 illustrem,
496 664 528 717 ct
550 652 714 740 quomodo
733 654 812 721 baec
829 653 913 742 logis
926 652 1069 732 ,actionis
1088 653 1213 744 illaque

68 746 76 773 χ
166 759 521 850 ‚obligationumnatura
532 755 597 831 sibi
606 755 746 831 invicem
757 754 966 840 conycniant,
979 757 1212 824 demonstrem.

252 859 425 937 Condictio
455 857 556 948 igitur
577 860 720 947 primum
743 859 779 923 in
809 860 917 935 cortac
948 861 1108 948 pecuniae
1128 861 1211 950 poti·

165 965 257 1051 tione
275 964 384 1031 locum
402 960 554 1035 babebat.
586 961 698 1039 „Certa
724 974 831 1028 autom
849 961 990 1053 pecunia
1011 961 1083 1045 illi,
1106 987 1212 1053 aquo

165 1068 311 1157 potitur,
333 1088 469 1137 nccosso
493 1077 542 1130 est
563 1076 617 1129 aut
647 1065 719 1144 data
740 1078 797 1129 aot
817 1065 971 1155 stipulata
992 1078 1213 1156 aut-cxpcnsa

74 1165 77 1169 ⁵
165 1172 230 1246 lata
251 1168 317 1251 sit,
358 1178 393 1233 ut
423 1164 549 1243 Cicero,
568 1190 629 1257 pro
662 1168 785 1234 Roscio
816 1167 982 1243 Comocdn
1010 1194 1040 1236 c.
1060 1171 1094 1237 5.
1118 1172 1211 1239 dicit.

165 1270 217 1339 Dc
237 1270 359 1362 quibus
381 1270 523 1360 singulis
545 1269 769 1361 dispiciamus.
813 1271 959 1337 Pccunia
990 1274 1049 1340 illa
1069 1275 1143 1349 data
1163 1276 1214 1343 nil

165 1374 255 1440 alind
279 1384 328 1438 cst
349 1396 446 1462 quam
463 1372 605 1463 pecunia
626 1374 829 1456 mutuaticis,
851 1373 993 1440 debitori
1013 1400 1032 1441 a
1052 1377 1214 1460 creditore

164 1477 385 1544 adnumerata.
431 1474 484 1541 Ex
504 1478 567 1542 bac
593 1476 868 1550 adnumeratione·
891 1477 999 1554 οιίῑιιιΙ
1029 1491 1214 1555 contractus

165 1581 281 1666 realis,
313 1579 371 1644 illc
403 1579 514 1662 eninr,
553 1580 607 1645 cui
633 1579 842 1659 adnumerata
861 1593 942 1671 cst,
975 1605 1014 1647 rc
1033 1580 1210 1672 obligatur.

164 1684 317 1775 lpsornm
340 1681 427 1746 enim
448 1705 657 1751 nummorum
682 1682 864 1761 dominium
887 1683 961 1749 ad
951 1706 1061 1773 ipsum
1081 1685 1213 1806 transit,

165 1785 254 1853 undo
275 1795 309 1849 ct
333 1794 483 1848 mutuum
502 1806 621 1849 nomon
644 1806 741 1848 suum
761 1785 924 1868 traxisse,
954 1787 1099 1877 antiqui
1106 1787 1213 1875 juris·

165 1885 308 1955 consulti
327 1886 507 1951 affirmant·
538 1884 645 1975 „qnia
674 1909 716 1951 cx
748 1910 820 1953 mco
853 1899 945 1961 tuum
974 1891 1096 1966 lactum
1124 1895 1210 1964 (Μ’.

164 1990 253 2056 Huic
275 2000 382 2059 antem
404 2000 518 2056 mutuo
549 2013 587 2067 ca
613 1999 727 2054 natura
755 1990 862 2072 inest,
892 2001 930 2060 ut
955 1991 1112 2083 obligatio
1134 1995 1212 2064 inde

167 2093 306 2172 oriunda
327 2115 399 2176 sua,
422 2102 460 2159 nt
479 2091 526 2157 ita
543 2091 667 2174 (licam,
691 2092 726 2157 vi
746 2085 784 2160 ac
805 2104 965 2183 potestate
985 2108 1131 2181 constat,
1151 2122 1210 2165 nc·

164 2220 230 2287 quc
253 2195 458 2263 extrinsecus
488 2194 714 2263 definitionem
735 2205 791 2261 aut
823 2196 947 2265 virium·
971 2198 1211 2290 aliq11idassn·

83 2312 86 2319 '
164 2311 242 2365 mat.
287 2296 362 2386 Ipsa
387 2296 488 2386 igitur
508 2321 545 2362 rc
568 2320 636 2362 non
661 2297 768 2362 solnm
790 2300 1010 2385 contrahitur,
1033 2303 1091 2369 scd
1109 2304 1213 2397 ,simul

31 2410 34 2416 '
164 2401 260 2467 ctiam
280 2400 434 2475 omnibns
459 2400 609 2489 partibus
630 2401 806 2484 delinitur,
837 2402 882 2482 ita¹
906 2414 942 2470 ut
963 2405 999 2481 in
1020 2407 1083 2479 lrao
1100 2408 1209 2482 solum

163 2503 365 2594 obligatione
386 2504 494 2572 omnia
512 2491 630 2593 perisc
652 2498 898 2596 intelligantur,
932 2507 1004 2579 Hac
1022 2509 1212 2593 siccatione

165 2617 198 2673 ct
217 2608 345 2696 antiqui
368 2619 517 2673 mutuum
540 2632 581 2675 cx
591 2609 669 2695 jure
685 2609 827 2675 naturali
847 2611 956 2677 facere
977 2598 1210 2703 obligationem

77 2706 79 2710 ’
164 2708 274 2787 dicere
308 2710 470 2777 solebant.
500 2735 569 2802 arg.
603 2711 679 2797 Gaj.
710 2710 772 2776 lib.
792 2711 855 2795 lll,
884 2712 922 2806 ·§.
944 2715 1036 2798 131,
1060 2718 1150 2801 unde
1178 2732 1212 2791 ct

164 2809 235 2927 ipsa
258 2812 450 2902 obligatio,
464 2838 548 2903 quac
571 2838 611 2879 cx
641 2815 800 2904 pecuniae
830 2818 1068 2892 nnmcrationc
1090 2821 1209 2906 oritur,

164 2894 268 3003 goinus
284 2908 551 3007 obligationum
536 2919 623 3006 Joris
639 2918 787 3008 gcntinnr
808 2919 940 2992 dicitur.
964 2921 1055 3010 (Gaj
1066 2923 1134 2993 ..lib
1146 2925 1210 3016 Ill,

163 3015 195 3109 ξ
209 3018 303 3108 132),
327 3043 550 3109 quamquam,
573 3024 693 3113 quod
683 3023 788 3112 ipsius
808 3022 879 3096 vim
896 3025 961 3089 ct
945 3025 1034 3111 Jnris
1055 3029 1212 3099 effectum

162 3121 309 3205 attinnt,
315 3122 396 3189 baec
418 3125 525 3195 mutui
547 3126 704 3216 obligatio
727 3125 932 3204 strictissima
952 3139 1025 3202 cst.¹
1058 3128 1212 3203 Unda-,id

111 3240 132 3277 Ἀ
163 3224 301 3308 effluxit,
325 3237 362 3292 nt
377 3226 417 3292 in
439 3229 542 3314 hujus
565 3229 775 3320 obligationis
795 3231 933 3305 formam
952 3231 1068 3305 omnia,
1082 3235 1210 3326 rodigng

162 3340 298 3413 rentur,
330 3352 562 3422 quaecunque·
582 3333 707 3408 firmam
736 3332 945 3423 strictamque
960 3334 1210 3425 obligationem

161 3441 326 3523 parerent.
370 3433 427 3499 Ad
444 3437 508 3502 boc
527 3449 634 3502 autom
654 3436 783 3526 antiqui
804 3460 889 3502 nexo
909 3436 1096 3522 utebantur,
1119 3441 1210 3528 quod

161 3537 212 3606 nil
234 3537 421 3604 aliudesse
442 3538 585 3625 videtur,
612 3562 710 3630 qnam
732 3551 882 3609 mutuum
904 3540 1055 3614 fictitium
1077 3553 1111 3611 ot
1128 3543 1207 3609 ima·

162 3641 338 3730 giracium.
391 3643 570 3715 Pecuniam
606 3645 693 3719 enim
722 3645 807 3710 libra
839 3646 1208 3737 appondcrcautiquos

162 3744 276 3813 solitos
300 3747 425 3828 fuisso,
451 3771 547 3818 ncmo
570 3749 687 3819 noscit.
743 3749 941 3838 Ubicunque
977 3750 1079 3841 igitur
1107 3776 1207 3841 pocu-

161 3846 250 3915 uiam
270 3848 341 3914 dari
361 3850 524 3934 debebat,
548 3854 601 3919 vel
625 3854 675 3919 rei
698 3865 826 3944 cmptac
847 3854 1012 3942 pretium,
1035 3854 1088 3925 vol
1108 3856 1208 3922 otium

161 3960 199 4016 ut
219 3951 324 4017 motui
345 3952 514 4043 obligatio¹
529 3955 607 4023 inde
629 3958 793 4040 oriretur,
832 3957 885 4026 ibi
915 3957 1001 4027 libra
1026 3958 1204 4027 adhibeba⁴

161 4065 235 4139 tur,
265 4077 362 4144 quam
387 4055 553 4151 libripens
580 4059 733 4144 tenebat,
767 4061 915 4151 quinquo
940 4061 1088 4129 testibus
1111 4074 1204 4152 prac-

161 4157 324 4242 sentibus,
347 4158 475 4230 civibus
498 4164 656 4247 romanis,
677 4163 781 4233 instar
800 4165 948 4257 quinqua
969 4165 1124 4235 classium
1147 4189 1203 4255 po·
