2572 4800
563 381 844 458 -ssta

191 587 328 655 solebat.
373 583 691 652 Undemunilestum
708 585 758 665 lit,
774 583 977 673 litigantium·
989 592 1097 672 portos
1109 582 1235 667 luisse,

186 688 294 776 judici
314 688 388 754 dcto
408 687 576 753 addictovs
597 685 726 753 causum
739 686 920 752 accuratius
938 698 1118 775 exponere,
1140 708 1233 752 eum·

192 814 257 881 quc
279 791 320 856 de
341 790 469 878 reipsa
490 791 679 870 informare,
701 789 790 877 quod
808 789 916 876 ipsum
933 794 993 877 per
1015 812 1133 856 consec
1153 813 1234 869 con·

187 893 367 980 jectionem
399 892 520 957 fuctum
550 913 622 957 esse
653 889 794 955 dubitari
822 890 949 978 nequit.
994 891 1066 974 Quo
1088 893 1124 958 in
1154 917 1234 960 con·
1261 917 1264 920 ·

188 995 334 1083 jectione
355 993 400 1058 its
419 1004 562 1059 versutos
584 993 687 1058 luisse
708 992 872 1080 litigantes
892 992 1054 1070 arbitror,
1077 1005 1113 1059 ut
1133 1017 1170 1060 se
1193 994 1235 1060 il·

192 1097 235 1165 lis
259 1095 294 1160 in
322 1095 398 1181 jure
425 1094 521 1162 dictis
549 1095 723 1177 formulis,
753 1094 790 1159 in
814 1105 982 1183 quantum.
1002 1095 1075 1160 lieri
1106 1109 1236 1184 posset,

193 1195 488 1281 socomsnodureut3
502 1196 609 1275 ,velut
638 1196 731 1263 verbi
759 1195 861 1286 gratis
885 1196 919 1261 in
944 1190 1163 1270 vindicatione
1188 1199 1236 1265 ite

193 1301 359 1367 dicerentz
382 1299 512 1382 „illumi
535 1299 699 1365 bominem
729 1321 840 1366 mcum
865 1322 937 1364 csse
960 1299 1030 1365 dixi
1052 1302 1235 1368 secundum

194 1425 285 1467 suram
307 1401 456 1467 cunssm'’
477 1400 531 1468 vel
552 1401 587 1466 iu
609 1401 836 1467 condictiones
862 1400 983 1483 „illum
1004 1413 1060 1467 eut
1081 1402 1176 1471 illum
1200 1402 1235 1471 X

195 1503 278 1570 mibi
298 1503 375 1569 dure
402 1514 555 1593 oportere
583 1503 688 1570 dixi''.
739 1503 858 1569 Pontes
887 1514 995 1568 nutem
1024 1504 1128 1594 ipsam
1151 1505 1235 1595 legis

196 1607 380 1689 sotionem,
421 1630 485 1694 qus
526 1605 662 1694 experti.
706 1615 819 1687 eruut,
870 1604 1102 1690 nominabunt,
1148 1607 1235 1673 undo
1269 1684 1272 1689 .

197 1709 330 1791 stetim,
372 1707 468 1793 cujus
515 1706 646 1795 generis
681 1706 724 1772 lis
762 1707 797 1770 in
834 1707 1001 1791 judicium
1043 1720 1137 1775 esset*
1181 1708 1234 1775 de·

74 1850 78 1869 ·
197 1813 317 1896 ductu,
350 1807 606 1898 intelligebatur.
667 1806 705 1873 Si
733 1830 810 1873 vero
840 1809 875 1872 in
906 1809 976 1897 ipss
1007 1810 1077 1875 litis
1104 1811 1232 1901 exposi-

196 1915 287 1982 tione
319 1910 538 1982 controversis
577 1918 645 1975 crat
680 1908 818 1976 oriunda
863 1909 903 1975 dc
945 1911 1008 1994 iis,
1046 1935 1132 2002 quae
1166 1923 1235 1981 ectu
1265 1904 1268 1909 ’

199 2040 349 2109 quaeque
370 2015 510 2081 invicem
542 2013 671 2099 injure
698 2035 852 2090 concesse
874 2024 999 2094 esseut,
1029 2025 1108 2082 tunc
1138 2027 1236 2082 testes

198 2120 253 2187 illi
271 2118 546 2197 consulebantur,
576 2115 635 2203 qui
657 2114 753 2179 adid
775 2114 977 2203 potissimum
999 2116 1131 2181 luerent
1151 2118 1237 2184 cdlii·

198 2222 274 2289 biti.
319 2222 409 2285 llsec
429 2219 503 2285 telis
523 2218 610 2303 juris
627 2217 814 2306 judiciique
833 2218 1034 2303 conjunctio,
1055 2243 1157 2310 quum
1180 2243 1238 2309 per

200 2346 238 2390 se
265 2321 521 2401 verisimillima,
556 2330 624 2384 tuns
647 2328 681 2383 et
699 2319 768 2384 illis
790 2319 994 2408 potissimum
1016 2321 1236 2406 confirmatur,

202 2449 287 2518 quse
307 2424 348 2491 de
369 2421 551 2490 interdictis
572 2420 821 2511 actionibusque
853 2445 895 2488 cx
916 2423 958 2488 iis
979 2422 1129 2489 oriundis
1147 2447 1236 2492 eom·

57 2608 60 2613 ¹
203 2541 295 2620 ports
317 2525 485 2592 babemus.
507 2562 512 2571 ·
536 2524 628 2609 Quae
652 2523 728 2589 tulis
749 2535 837 2590 sunt.
891 2526 1069 2591 Interdicto
1097 2550 1118 2592 s
1149 2550 1238 2616 prse-

135 2668 139 2673 ·
201 2643 274 2699 tore
296 2629 445 2710 reddito,
474 2649 526 2693 res
555 2649 760 2715 nequaqnam
793 2639 923 2715 peracta
955 2628 1148 2710 videbatur,
1170 2629 1238 2694 sed

204 2735 344 2803 liberum
370 2742 439 2797 eret
460 2730 504 2813 ei,
528 2728 587 2819 qni
609 2729 731 2815 injuste
752 2728 918 2814 decretum
939 2753 1011 2796 esse
1030 2731 1239 2822 querebatur,

204 2848 261 2906 out
280 2834 437 2902 arbitrum
460 2843 571 2923 peterc
594 2844 626 2898 ct
646 2832 690 2898 itu
712 2832 784 2899 siue
800 2833 947 2920 periculo
967 2833 1098 2899 rem-ud
1119 2835 1240 2901 exitum

205 2941 405 3031 perducere,
437 2948 493 3002 sut
514 2935 691 3025 sponsione
709 2928 927 3001 adversarium
949 2959 1148 3025 provocare,
1175 2936 1239 3005 'itr-

207 3066 271 3133 quc
293 3065 368 3109 curn
388 3039 535 3129 periculo
561 3061 728 3128 peregere.
769 3039 827 3104 ‘Et
855 3038 987 3128 quidem
1016 3063 1058 3105 ex
1079 3041 1240 3115 restitutu-

205 3147 265 3212 riis
293 3144 346 3212 vel
375 3141 580 3209 exhibitoriis
602 3141 784 3208 interdictis
815 3142 912 3208 modo
932 3166 993 3231 por
1017 3144 1239 3233 sponsionem,

206 3247 303 3313 modo
335 3268 395 3335 per
416 3245 588 3310 formulam
616 3244 743 3332 egitur,
776 3268 860 3334 quae
893 3244 1061 3311 arbitreris
1092 3259 1241 3332 vocetur,

209 3370 251 3415 cx
282 3346 507 3436 probibitoriis
547 3357 654 3413 sutem
691 3371 829 3438 semper,
855 3372 915 3438 per
947 3338 1158 3438 sponsionem
1192 3349 1280 3442 egi,

208 3450 304 3517 solet.
349 3449 443 3533 Quoc
464 3449 599 3538 sponsio
624 3472 688 3514 une
713 3461 763 3515 cst
777 3440 953 3541 ‘utriusque
974 3452 1167 3541 litigatoris,
1189 3453 1280 3532 ,in-⁶

207 3554 313 3622 viceto
335 3553 422 3617 euim
445 3575 518 3617 sese
548 3550 592 3617 itu
620 3564 816 3641 provocantz
851 3577 961 3643 „quac
994 3555 1151 3621 adversus
1170 3555 1281 3621 ‘edi‘

209 3669 298 3723 ctum
314 3654 473 3744 praetoris
494 3654 719 3721 interdicentis
741 3655 836 3721 nobis
858 3656 942 3721 lectu
963 3667 1084 3737 esseut,
1108 3656 1280 3724 iuvicenu

211 3758 248 3823 ni
268 3758 427 3824 ambobus
449 3757 695 3823 restituantur.”
737 3757 867 3827 Deinde
888 3782 964 3825 vcro
986 3782 1004 3824 s
1024 3772 1174 3849 praetore
1194 3762 1280 3847 jn*

211 3862 275 3928 dcx
297 3865 411 3948 detur,
439 3862 498 3954 qui
520 3862 604 3929 illud
625 3862 784 3953 requirit,
815 3863 904 3952 quod
923 3874 1052 3954 praetor
1074 3864 1280 3931 interdictu·

175 4018 178 4024 -
212 3968 402 4056 complexus
421 3979 489 4047 est,
520 3967 610 4032 velut
631 3965 773 4054 exempli
795 3967 919 4054 gratis,
949 3978 1022 4031 uter
1042 3989 1155 4032 eornm
1175 3970 1280 4037 onia

212 4070 351 4135 fundum
374 4091 468 4134 eosve
496 4069 593 4133 ucdcs
620 4067 736 4157 perid
759 4079 908 4156 tempus,
925 4124 928 4131 .
943 4091 1008 4156 qno
1039 4067 1280 4136 interdictum!

214 4173 375 4256 redditur,
397 4194 459 4238 nec
479 4171 512 4236 vi
534 4194 594 4238 ncc
616 4173 699 4241 olum
713 4193 774 4240 nec
795 4169 942 4263 precario
963 4167 1140 4259 possident.
1184 4168 1280 4234 flia:
