2572 4800
507 412 799 540 -217

107 617 253 708 quisque
276 616 424 690 sumebat
444 630 477 684 et
496 642 653 684 numerus
682 641 790 708 neque
817 617 945 683 dierum
966 641 1153 709 aequepo-

105 733 277 787 trouurum
298 721 485 787 liniebatur.
531 719 575 786 Et
596 722 676 787 haee
703 721 768 801 ita,
804 721 908 786 donee
941 720 1040 809 longa
1073 733 1152 815 tenp-

105 847 225 911 porum
249 825 344 914 qrries
367 835 399 890 et
420 823 613 889 continuum
634 823 750 911 populi
772 823 875 888 otium
898 836 930 888 et
950 824 1081 888 assidua
1102 846 1153 890 se·

106 938 203 992 uatus
226 927 448 1016 tranquillitas
464 937 496 991 et
511 927 642 991 maximi
657 924 818 1015 prineipis
835 925 1024 1014 disciplina,
1049 927 1153 1016 ipsam

107 1054 243 1119 quoque
269 1029 490 1119 eloquentiam
520 1030 607 1095 sieut
635 1027 745 1093 omnia
780 1027 844 1094 alia
877 1020 1082 1116 pacaverat.”
1111 1044 1154 1079 -'

106 1134 160 1197 Ex
182 1134 242 1199 illo
264 1157 341 1197 vero
363 1132 470 1198 libero
490 1132 711 1219 judicantium
738 1130 899 1215 arbitrio,
933 1131 1023 1219 quod
1041 1129 1153 1221 aequi·

109 1246 207 1300 tatem
232 1235 345 1300 stricto
371 1235 442 1321 juri
463 1236 713 1326 praeposuisse,
742 1234 892 1323 exempla
913 1232 972 1299 illa
992 1235 1066 1300 luee
1088 1231 1153 1300 uh·

109 1339 180 1402 rius
201 1338 443 1418 demonstrant,
481 1351 514 1404 et
544 1339 607 1404 alia
640 1337 819 1405 resiluere
852 1336 973 1426 eoepit.
1027 1335 1080 1402 Ex
1097 1336 1153 1423 ju·

108 1439 241 1504 dicandi
271 1439 360 1519 enim
387 1441 816 1508 consuetudineturlicium
837 1440 967 1507 Cvirale
999 1436 1153 1530 sibiipsi

101 1544 162 1629 jus
188 1542 375 1634 coustituit,
407 1545 586 1610 seeundum
610 1545 700 1634 quod
723 1556 848 1612 eertum
869 1542 1006 1632 aliquod
1028 1552 1155 1609 eontra·
1201 1540 1203 1555 '

106 1643 289 1709 versiaeum
312 1667 416 1732 genus
437 1645 643 1730 dijudicaret.
696 1645 825 1712 Novum
855 1645 959 1736 igitur
974 1646 1032 1732 jus
1055 1642 1155 1713 certis

106 1769 152 1809 ex
175 1745 282 1810 eausis
303 1746 376 1812 sine
397 1747 465 1813 ulla
485 1749 558 1839 lege
585 1750 656 1817 solo
673 1749 894 1837 judicantium
917 1772 1081 1815 consensu
1103 1749 1154 1815 in·

106 1847 294 1912 traductum
325 1859 395 1932 est,
432 1850 527 1937 eujus
561 1851 610 1916 rei
647 1853 735 1918 baud
766 1852 1040 1919 contemnendum
1075 1864 1154 1918 saue

107 1950 296 2038 exemplum
318 1950 496 2019 inofficiosi
518 1955 653 2043 querela
683 1955 828 2021 exhibet.
885 1956 992 2038 Quam
1021 1953 1155 2043 quidem

93 2078 150 2120 ·ex
170 2054 345 2121 Cvirorum
366 2056 503 2122 arbitrio
525 2057 686 2147 originem
706 2058 859 2141 traxisse,
881 2058 1042 2124 nonnulla
1063 2066 1154 2140 suut,

109 2180 193 2246 quae
223 2159 376 2246 probant.
440 2156 549 2225 Taceo
587 2159 675 2224 enim
709 2161 749 2226 de
785 2159 1027 2250 significatione
1059 2157 1155 2226 verbi

108 2260 308 2349 querela3
329 2272 362 2326 et
382 2262 424 2328 de
445 2261 503 2327 illa
524 2287 604 2329 voce
625 2263 876 2330 inofficiosi
905 2263 955 2329 nil
986 2261 1075 2327 aliud
1096 2282 1154 2327 uo·

108 2363 205 2445 taho,
234 2388 331 2452 quam
354 2378 388 2429 et
409 2364 513 2455 ipsam
535 2375 647 2455 aperte
667 2366 865 2456 aequitatem
888 2365 1059 2456 designare
1082 2362 1153 2451 pie·

107 2476 292 2555 talemque,
326 2467 380 2532 eui
407 2468 457 2534 nil
479 2493 553 2535 eum
577 2470 783 2536 strictissimo
805 2469 865 2535 illo
883 2468 960 2555 jure
982 2486 1156 2533 commune

108 2580 169 2634 est.
213 2568 371 2636 Laudabo
385 2572 493 2637 sulum
505 2572 605 2639 verba
621 2572 779 2663 principii
794 2572 822 2637 Ι.
840 2573 881 2638 de
894 2571 986 2637 inoff.
1002 2580 1130 2635 testam.
1143 2597 1153 2635 a

110 2674 214 2762 „quia
232 2674 429 2764 plerumque
445 2685 598 2764 parentes
613 2676 686 2741 sine
710 2697 807 2742 eausa
825 2675 950 2741 liberos
964 2696 1041 2738 suos
1056 2673 1155 2737 exhe·
1191 2745 1193 2748 Α

108 2777 225 2843 rodant
252 2776 306 2844 vel
334 2777 508 2860 omittunt,
540 2768 764 2845 inductum
786 2790 872 2862 est,
906 2789 944 2843 ut
973 2777 1014 2841 de
1045 2774 1154 2841 inelli-

109 2881 199 2946 eioso
220 2890 414 2947 testamento
435 2905 532 2971 agere
558 2882 688 2972 possint
716 2881 833 2962 liberi,
867 2880 926 2969 qui
957 2889 1155 2967 queruntur,

108 2994 165 3048 aut
187 2983 303 3073 inique
323 3007 360 3050 se
383 2984 617 3068 exheredatos,
640 2996 696 3049 aut
716 2983 832 3078 inique
852 2982 1065 3071 praeteritos,
1093 2980 1157 3046 hoe
1260 3040 1271 3063 ,

108 3086 243 3195 copore,
277 3088 373 3177 quasi
400 3112 467 3155 uon
491 3112 589 3154 sanae
611 3087 731 3154 mentis
752 3086 898 3169 luerint,
935 3109 1036 3176 (Ιιιιιω
1058 3095 1156 3150 testa·

108 3194 257 3255 mentum
278 3190 479 3257 ordinarent.
538 3191 604 3258 Sed
637 3193 701 3258 hoe
731 3190 853 3257 dieitur
875 3213 942 3255 non
965 3187 1060 3278 quasi
1078 3209 1156 3253 uere

109 3294 256 3361 furiosus
289 3292 355 3377 sit,
395 3295 452 3359 sed
484 3307 573 3361 reete
596 3296 729 3385 quidem
759 3292 880 3361 'feeerit
911 3302 1155 3370 testamentum,

109 3421 176 3464 non
198 3410 308 3462 autem
328 3422 369 3462 ex
390 3397 501 3464 officio
524 3399 668 3488 pietatis.
729 3396 813 3464 Nam
848 3397 878 3461 si
900 3420 976 3461 vere
1010 3395 1157 3459 furiosus
1268 3482 1270 3489 y

109 3501 173 3584 sit,
197 3500 326 3567 nullum
344 3512 573 3568 testamentum
601 3503 686 3568 est.”
735 3500 960 3568 luduetum
982 3521 1055 3564 esse
1077 3497 1159 3563 dicit

109 3604 307 3693 imperator,
341 3627 449 3694 aquo
470 3625 544 3671 'uon
571 3607 674 3673 addit.
737 3604 807 3670 Sed
831 3627 899 3669 uon
928 3627 969 3669 ex
997 3601 1158 3690 praetoris

105 3707 341 3794 jurisdictione
370 3709 433 3773 hoe
462 3709 547 3795 juris
568 3709 754 3775 subsidium
784 3707 921 3772 fluxisse
936 3751 948 3786 ,
977 3703 1158 3793 Theophili

110 3809 318 3900 paraphrasis
345 3809 381 3874 iu
409 3813 498 3879 hune
529 3815 593 3880 loe.
618 3813 710 3880 testis
733 3801 794 3878 est.
856 3809 967 3896 „Nam
1005 3808 1034 3874 si
1068 3809 1158 3898 quis,

112 3925 216 3998 notat,
250 3937 291 3980 ex
313 3917 565 3984 ascendentibus
588 3944 649 4008 per
670 3917 860 4000 masculos,
887 3915 1032 4004 aliquem
1056 3939 1097 3979 ex
1117 3914 1157 3979 li·

110 4016 200 4080 beris
234 4017 506 4105 exheredaverat,
536 4046 645 4111 neque
678 4022 752 4110 ipso
780 4019 858 4106 jure
886 4018 1067 4084 invalidum
1091 4030 1160 4082 erat

111 4127 359 4205 testamentum,
392 4146 501 4212 neque
530 4126 571 4190 ab
599 4126 751 4192 intestato
790 4123 880 4208 filius
914 4121 1028 4189 veuire
1066 4132 1157 4211 pote·

111 4235 183 4305 'llo
207 4247 282 4293 mm
316 4227 502 4314 quomodo,
527 4253 601 4296 eum
622 4239 850 4322 testamentum
873 4225 1020 4293 extaret?
1050 4247 1160 4313 neque
