2572 4800
475 301 747 423 '-rr-

97 554 231 621 tutelam
254 555 408 621 venisset.
454 554 517 621 Ille
545 574 646 636 vcro,
672 553 714 618 de
742 574 810 643 quo
831 553 1045 643 cogitaverat,
1080 560 1141 648 pui

95 659 197 748 pillos
219 670 314 738 natus
335 681 403 725 non
426 670 487 724 est.
517 656 581 724 M.'
593 656 717 724 Curius
726 657 968 742 conditionem,
990 660 1052 725 suh
1074 674 1139 751 qua

95 763 266 829 institutus
302 774 389 846 erat,
426 762 593 851 impletam
641 760 799 846 eredens,
847 764 1061 829 hereditatem
1101 786 1142 830 ea

94 878 288 932 testamento
310 889 401 932 suam
431 889 504 931 esse
534 865 677 954 petebat.
719 865 844 952 ¹Contra
870 889 947 933 vero
974 868 1073 933 heres
1100 867 1143 932 alr

92 965 267 1052 intestato,
310 968 366 1036 eui
401 959 558 1059 Coponio
585 991 706 1034 nomen
742 980 830 1051 erat,
869 969 1143 1037 testamentariam

93 1071 218 1138 nullam
242 1094 315 1137 esse
336 1072 593 1155 successionem,
615 1069 681 1136 sibi
703 1094 780 1136 vero
803 1071 845 1136 ab
867 1071 1021 1141 intestato
1043 1072 1142 1138 obre·

92 1174 206 1258 nisse,
230 1174 438 1241 defendebat.
489 1176 557 1241 Res
579 1174 620 1241 ad
642 1173 759 1242 Cviros
793 1174 931 1241 deducta
959 1187 1025 1241 est·
1075 1174 1142 1257 Pro

80 1273 245 1366 ¹Coponio
281 1275 438 1345 Scaevola
455 1341 459 1356 ,
474 1279 570 1346 dixit.
633 1278 707 1363 Qua
745 1279 785 1344 de
823 1279 970 1345 oratione
1002 1278 1143 1346 Ciceros
1196 1288 1201 1295 “

93 1379 203 1468 „quid
225 1379 283 1447 ille
304 1404 372 1448 uon
395 1380 499 1467 dixit,
522 1382 589 1466 ait,
610 1381 653 1448 de
675 1393 942 1448 testamentorum
966 1381 1067 1467 jurei
1087 1381 1141 1448 ¹de

92 1480 238 1572 antiquis
278 1485 451 1552 formulis'l
481 1486 563 1575 quid
605 1486 878 1575 quemadmodum
911 1485 1013 1552 scribi
1044 1507 1141 1574 opor·

91 1583 231 1669 tuisset,
263 1586 293 1653 si
323 1587 420 1653 etiam
448 1589 520 1654 filio
555 1611 622 1655 nou
658 1602 735 1655 nato
766 1593 862 1655 heres
891 1589 1142 1656 instituereturt
1203 1592 1208 1603 “

92 1711 192 1776 quam
215 1690 396 1779 captiosum
418 1713 491 1756 esse
512 1692 659 1781 populo,
683 1692 773 1782 quod
794 1692 953 1782 scriptum
976 1703 1063 1758 esset
1083 1716 1141 1758 nc·

10 1860 13 1873 ,
94 1791 197 1882 gligi,
220 1804 252 1859 et
273 1793 430 1884 opinione
452 1795 567 1886 quaeri
586 1795 794 1879 voluntates,
816 1807 850 1862 et
870 1794 1141 1884 interpretatione

92 1894 289 1961 disertorum
321 1896 443 1988 scripta
484 1898 684 1988 simplicium
726 1899 895 1964 lrominum
928 1901 1141 1986 perverteret

94 2022 192 2087 quam
213 1998 272 2067 ille
294 2001 396 2065 multa
417 2001 459 2066 de
490 2001 683 2068 auctoritate
708 1987 811 2091 patris
834 2000 899 2084 sui,
928 2000 987 2089 qui
1009 2023 1141 2089 semper

90 2099 146 2186 jus
170 2101 255 2167 illud
271 2126 344 2168 osse
368 2103 583 2170 defenderat?
602 2128 710 2193 ¹quam
730 2104 866 2171 omnino
882 2103 984 2168 multa
1006 2104 1047 2170 de
1062 2127 1141 2170 eon·

94 2204 252 2269 servando
270 2205 348 2291 jure
370 2206 482 2273 etvilit
504 2231 587 2298 quae
609 2207 743 2296 quidem
769 2206 877 2282 omnia
907 2228 1009 2295 quum
1032 2205 1140 2296 perito

94 2317 124 2370 et
148 2307 311 2391 scienter,
340 2321 410 2375 tum
438 2311 482 2376 ito
506 2310 650 2379 breviter
671 2322 703 2377 ct
729 2333 843 2400 presse
866 2320 898 2375 et
923 2309 1002 2373 satis
1025 2321 1141 2374 ornato

96 2419 126 2474 et
153 2412 390 2502 perdiligenter
410 2414 556 2499 diceret,
584 2415 661 2507 quis
685 2425 771 2480 esset
792 2414 828 2478 in
848 2412 973 2503 populo
1001 2411 1060 2501 qui
1082 2422 1139 2476 aut

23 2533 30 2551 ·
95 2526 297 2604 exspectaret
317 2531 373 2582 aut
392 2517 464 2584 lieri
479 2542 578 2608 posse
600 2519 781 2610 quidquam
794 2515 914 2581 melius
932 2512 1138 2604 putaret?—

92 2615 137 2682 At
169 2641 247 2684 vero
282 2631 317 2684 tu
349 2634 461 2685 eontra
496 2622 635 2688 Crassus
668 2622 710 2687 ab
744 2621 952 2687 adolescente
983 2617 1137 2697 delicato,

93 2719 205 2809 quiin
229 2721 325 2786 litore
346 2722 518 2790 ambulans
537 2726 694 2791 scalmum
714 2723 912 2814 reperisset,
932 2720 975 2787 ob
998 2742 1138 2809 eamque
1231 2777 1232 2781 ,

93 2845 160 2888 rem
182 2825 348 2891 aedilicari
376 2850 492 2896 navem
520 2828 751 2918 concupisset,
782 2815 924 2893 exorsus
943 2838 1015 2891 est:
1048 2824 1137 2889 simi-

91 2925 166 2992 liter
188 2927 375 2995 Scaevolam
406 2955 447 2997 cx
477 2956 543 2998 uno
574 2932 695 2998 scalmo
718 2929 878 3020 captionis
903 2926 1138 2994 centumvirale

89 3029 249 3115 judicium
272 3034 462 3100 hereditatis
484 3036 653 3119 effecisse,
677 3035 738 3100 hoe
762 3033 796 3099 in
820 3032 878 3098 illo
906 3030 1001 3097 initio
1023 3050 1137 3095 conse·

92 3128 201 3220 cutus,
227 3138 338 3204 multis
360 3141 507 3227 ejusdem
528 3140 658 3231 generis
678 3139 851 3205 sententiis
873 3135 1046 3204 delectavit
1066 3132 1137 3198 ani·

93 3259 230 3331 mosque
253 3242 413 3327 omnium,
441 3243 500 3334 qui
529 3245 686 3328 aderant,
715 3244 751 3309 in
786 3241 984 3307 lrilaritatcnr
1006 3262 1024 3304 a
1047 3259 1138 3303 seve·

93 3343 186 3408 ritate
214 3344 370 3410 traduxit.
416 3347 547 3413 Deinde
578 3350 641 3415 lroc
667 3347 811 3414 voluisse
834 3369 929 3428 eum,
961 3343 1020 3434 qui
1042 3351 1139 3426 testa7
1248 3358 1250 3362 “

90 3457 237 3523 ¹mentum
268 3448 421 3532 lecisset,
454 3453 520 3517 hoo
548 3452 715 3532 sensisse,
748 3472 883 3541 quoquo
914 3449 1012 3513 ruodo
1045 3445 1136 3512 lilius

93 3571 156 3614 noo
180 3561 286 3634 essct,
310 3553 426 3641 quiin
450 3577 541 3620 suam
563 3556 698 3621 tutelam
717 3555 868 3637 venirat,
901 3551 969 3616 sive
991 3573 1059 3615 non
1081 3571 1138 3613 na·

91 3662 141 3718 tos
163 3654 234 3719 sive
256 3665 330 3721 ante
353 3669 515 3740 mortuus,
537 3658 658 3726 Curius
680 3659 775 3724 heres
797 3666 834 3721 ut
858 3663 966 3720 esset:
990 3651 1035 3717 ita
1056 3650 1139 3715 seri·¹

93 3753 169 3823 ltero
192 3757 390 3848 plerosque,
415 3773 448 3827 et
469 3762 504 3827 id
523 3763 631 3830 valere
653 3773 686 3828 ct
702 3759 844 3829 valuisse
866 3779 1008 3845 semper.
1045 3753 1139 3818 Haec

93 3870 124 3924 et
144 3861 247 3926 multa
269 3862 431 3949 ejusmodi
458 3866 571 3934 dicens
600 3867 697 3934 tidem
728 3861 879 3930 iaciebat.
932 3856 1063 3924 Deinde
1084 3879 1136 3921 ae·

93 3985 190 4051 quum
213 3965 358 4048 houaam,
382 3979 648 4038 testamentorum
676 3967 854 4036 sententias
886 3962 1138 4047 voluntatesque

90 4074 211 4132 tutatus
234 4081 306 4155 est,
344 4085 464 4160 quanta
496 4087 584 4142 esset
612 4077 647 4142 in
677 4071 786 4139 verbis
811 4067 942 4158 eapti'o,
975 4086 1077 4153 quum
1101 4061 1137 4130 ’ut

69 4172 204 4238 -eeteris
227 4173 326 4239 rebus
353 4187 421 4240 tum
445 4178 480 4243 in
502 4179 727 4263 testamentis,
761 4174 791 4240 si
812 4169 1063 4262 negligerentur
1081 4185 1137 4226 vo·

786 4294 810 4357 2
