2572 4800
472 358 746 467 ‘-.aa..

96 595 333 675 obtinuerunt,
366 594 395 660 si
417 604 557 683 quastus
574 604 687 658 eontra
708 591 812 657 vietus
837 601 908 676 est,
943 614 1006 684 pso
1027 606 1142 683 quarta

95 708 195 785 parte
212 693 288 787 ipse
305 698 409 764 vietor
430 710 463 763 et
477 696 802 785 heresintelligitun.
846 696 939 762 Idem
961 721 1060 786 porro
1083 698 1142 764 ob·

96 801 261 884 tinuisse,
293 801 322 867 si
354 802 502 867 diversae
520 802 607 867 inte'r
629 825 665 867 se
687 824 802 865 causae
832 823 850 864 a
873 799 1143 891 singulis-comis*

96 903 154 969 liis
174 913 326 969 tractatae
351 905 440 987 sint,
474 927 569 968 nemo
597 926 696 967 sanus
720 901 859 967 dubitat.
882 940 885 945 -
907 902 1035 972 Sedid
1056 903 1144 971 intea

97 1005 211 1071 elootos
233 1006 424 1095 ambigitur,
448 1030 527 1071 num
550 1006 590 1070 (lo
612 1028 727 1086 eausa,
752 1028 836 1093 quae
859 1005 1053 1072 divisionem
1075 1030 1144 1074 uon

97 1108 256 1197 recipiat,
290 1107 420 1174 Cvirale
436 1109 600 1194 judicium
622 1107 657 1172 iu
675 1107 776 1197 pleno
798 1109 998 1196 cognoverit.
1043 1108 1143 1176 Arbi-

98 1221 168 1278 tror
189 1210 365 1298 equidem,
385 1236 493 1301 neque
514 1222 703 1300 argumenta
726 1211 841 1275 deesse
863 1223 967 1299 puto,
990 1213 1048 1278 tali
1069 1237 1144 1279 esu·

97 1312 355 1393 sae„si1minor
374 1313 475 1379 fuerit
496 1314 637 1402 vilisque
659 1314 854 1393 admodum,
886 1315 940 1380 vel
967 1326 1069 1381 unum
1093 1339 1145 1389 so·,

96 1414 168 1479 lum
203 1413 348 1484 tribunal
376 1415 565 1500 suffecisse,
602 1416 631 1480 si
667 1427 779 1481 eontra
810 1417 913 1501 major
947 1419 1072 1501 luerit,
1108 1431 1148 1487 ut

96 1517 220 1583 Aeciae
241 1516 417 1600 Variolae,
441 1543 538 1606 quam
562 1517 692 1583 Plinius
719 1530 848 1600 narrat,
884 1522 1145 1611 unumquodque

95 1620 246 1687 ts‘ibunal
271 1644 330 1707 pro
353 1643 389 1684 se
411 1619 606 1686 sententiam
627 1619 762 1703 tulisse,
778 1644 924 1711 ,eamque
947 1646 1008 1712 pro
1031 1634 1148 1712 quarte

95 1748 159 1789 se.-
173 1733 265 1813 parte
283 1724 340 1808 jus
354 1721 497 1786 lesisse.
521 1760 565 1770 -—
614 1721 688 1787 Jam
711 1722 740 1787 si
763 1747 992 1812 quaeramus,¹
1014 1725 1147 1813 quando

94 1829 181 1891 lsaee
204 1824 409 1913 quadruplex
434 1824 552 1891 divisio
584 1825 668 1890 saeta
691 1825 734 1890 sit
754 1827 917 1914 primum,
949 1839 982 1892 et
1003 1853 1068 1918 qua
1096 1851 1147 1897 ιι·

96 1930 352 2019 tione'quatuor
378 1929 590 1995 tribunalium
621 1952 778 1994 numerus
808 1931 851 1995 sit
881 1931 1028 2014 eleetos,
1048 1933 1149 2001 nulla

97 2033 310 2121 antiquorum
322 2034 382 2096 hae
398 2030 439 2105 de
458 2055 493 2096 re
515 2055 670 2119 expressa
684 2032 868 2098 testimonia
890 2046 1029 2123 exstant.
1050 2086 1055 2095 .
1076 2034 1148 2125 Ego

101 2136 142 2203 de
156 2135 283 2202 duabus
297 2134 350 2198 bis
363 2133 611 2223 quaestiouibus
624 2133 824 2220 conjunctim
838 2159 944 2225 unum
953 2135 1090 2204 notabo.
1103 2174 1147 2187 -·-

97 2236 255 2307 Vidimus
278 2237 365 2303 euim
382 2237 452 2323 jam
474 2261 596 2327 supra,
618 2237 725 2301 tribus
741 2237 913 2330 jsadieibus
928 2264 990 2331 lox,
1003 2263 1147 2330 unaqum

101 2363 167 2430 qaae
188 2341 278 2409 tribu
298 2341 435 2423 electis,
464 2341 524 2404 bos
554 2339 730 2428 nonaginta
752 2340 885 2425 judiees
908 2365 1068 2409 unacum
1092 2342 1148 2408 ‹te-

100 2443 253 2513 censius
266 2441 622 2510 (lviroruuannmerum
640 2442 824 2533 explesse.3
848 2443 928 2508 Ideo
949 2445 1024 2532 plus
1050 2467 1149 2534 quam

100 2548 274 2638 probabile
296 2547 445 2627 videtur,
463 2547 532 2632 jam
556 2546 631 2611 inde
646 2545 686 2610 ab
709 2546 804 2611 initio
820 2546 997 2636 nonaginta
1014 2546 1162 2634 judiees.

100 2651 136 2717 in
153 2650 224 2717 ts'ifa:
237 2649 375 2716 consilia
397 2649 502 2713 fuisse
525 2649 646 2714 divisos
662 2661 695 2721 et
716 2649 917 2728 decemviros
942 2661 977 2715 ut
998 2661 1149 2739 quartum

100 2753 278 2829 eonsilium
300 2752 352 2816 hia
373 2752 478 2816 tribus
501 2753 690 2816 accessisse.
746 2753 844 2835 Quod
875 2776 927 2818 me
958 2776 1001 2818 ne
1022 2754 1150 2842 aliquo·
1241 2819 1244 2823 ,

102 2870 201 2924 tenus
223 2857 356 2947 quidem
387 2855 600 2944 probaturum
627 2853 745 2935 video,
774 2854 841 2919 uisi
871 2855 963 2942 prius
990 2878 1150 2943 exposue-

100 2963 186 3044 rim,
215 2985 279 3049 qua
301 2961 429 3029 ratione
451 2960 566 3025 fluetus
597 2957 687 3047 ipsos
709 2956 910 3022 decemviros
933 2955 1078 3022 stlitibus
1094 2956 1150 3042 ju·
1187 2940 1219 3061 'l

102 3063 253 3130 dicandis
275 3063 362 3127 inter
384 3061 499 3129 Cviros
523 3062 663 3126 reseram
675 3107 686 3145 ,
707 3060 818 3148 iisq'u'e
834 3070 877 3125 .ut
897 3071 1024 3149 partem
1044 3059 1150 3126 vindi·
1220 3064 1225 3105 t

102 3182 188 3237 een,
212 3202 255 3214 -
298 3163 344 3230 Ut
373 3189 391 3229 a
425 3164 609 3231 minoribus
643 3164 684 3228 ad
712 3163 836 3248 majora
858 3173 1151 3252 argumentapm·

101 3268 247 3356 gradiar,
269 3266 310 3332 ab
333 3267 405 3356 ipsa
425 3267 569 3333 nominis
592 3265 831 3355 significatione
861 3265 1035 3355 incipiam.¹
1077 3264 1151 3330 „Li-

100 3382 168 3437 tem
193 3369 280 3434 enim
303 3370 436 3458 proprie
458 3394 540 3436 rem
563 3393 658 3453 esse,
689 3367 796 3435 Varro
819 3369 860 3435 de
879 3367 920 3434 L.
941 3369 981 3435 L.
992 3368 1062 3440 nib.
1086 3367 1148 3432 Vl.

15 3552 20 3560 ,
102 3473 223 3563 probat
243 3473 295 3537 bis
318 3474 451 3538 verbis:
485 3473 644 3558 „Quibus
675 3496 727 3537 res
760 3484 829 3537 erat
857 3471 1152 3554 insontroveusia,

105 3602 143 3643 oa
174 3576 349 3643 vocabatur
377 3577 432 3650 lis.
492 3578 570 3643 Ideo
599 3577 634 3642 in
666 3576 851 3643 actionibus
885 3575 1034 3641 videmos
1071 3574 1151 3656 diei,

104 3704 204 3769 quam
224 3703 293 3744 rem
316 3681 385 3745 sive
406 3681 496 3746 litem
521 3682 630 3747 dicere
652 3689 810 3770 oportet.'
842 3678 940 3744 Unde
962 3678 1079 3743 Cicero
1101 3700 1153 3745 oe·

105 3783 272 3849 easiouem
295 3784 459 3851 maledieti
481 3784 662 3874 arripieusz
689 3782 782 3869 „jam
804 3781 901 3862 illud,
924 3780 1046 3870 inquit,
1071 3778 1153 3846 mibi

104 3890 242 3978 quidem
263 3890 383 3954 mirum
406 3889 510 3954 videri
531 3891 634 3972 solet,
664 3898 713 3952 tot
745 3884 896 3951 homines
918 3894 981 3949 tam
1004 3880 1153 3972 ingenio·

13 4066 15 4070 ι
103 4014 179 4074 sos,
208 4015 269 4079 per
296 3990 477 4057 tot'annos
507 3995 711 4074 etiamnunc
735 4001 876 4053 statuere
900 4012 968 4053 non
989 3986 1152 4077 potuisse,

104 4103 217 4164 utrum
240 4094 326 4160 diam
349 4097 507 4179 tertium,
540 4122 581 4162 an
603 4093 844 4185 perendinum,
869 4091 1018 4178 jndicem
1039 4113 1080 4152 an
1101 4112 1153 4154 ar-

103 4196 251 4279 bitrum,
283 4221 351 4265 ram
377 4222 420 4267 au
451 4200 545 4293 litem
573 4201 640 4268 diei
668 4195 869 4288 oporteret.’'
922 4192 982 4259 Lis
1012 4216 1090 4281 ergo
1117 4191 1152 4257 in
