2572 4800
343 306 824 444 ...rso-1

115 567 232 635 Celsus
261 569 399 636 naturali
427 568 589 660 aequitate
618 576 748 666 motus,
784 578 878 658 putat
906 566 1012 660 repeti
1037 557 1153 661 posse,

116 694 200 761 quae
224 671 383 737 sententia
404 672 513 738 verior
535 670 620 737 est.’'
666 668 691 711 ·’

200 773 245 838 11.
269 772 412 839 Indebiti
436 772 611 840 condictio.
655 771 809 838 Tractatu
830 783 937 838 autem
958 765 1156 864 dignissima

114 888 148 942 et
181 875 462 941 observationibus
495 874 697 942 fertilissima
732 873 814 940 mibi
849 873 978 940 videtur
1009 874 1155 945 indebiti

113 978 288 1044 eondietio.
343 976 387 1044 Et
413 980 493 1044 haee
514 974 678 1044 condictio
706 999 748 1042 ex
769 974 857 1041 bono
879 988 912 1042 et
934 966 1154 1066 aequarvids'·

112 1089 169 1145 tur
188 1079 399 1146 descendere.
442 1082 482 1147 ld
503 1081 589 1148 enim
611 1079 734 1145 Paulus
755 1089 892 1145 testatur
912 1078 946 1145 iu
968 1079 992 1145 l.
1016 1079 1071 1146 15.
1096 1102 1150 1168 pr.

113 1181 157 1248 Ι).
180 1184 214 1247 b.
232 1192 286 1247 vt.=
321 1183 483 1266 „indebiti
500 1183 601 1250 soluti
621 1179 784 1250 condictio
814 1182 970 1248 naturalis
996 1181 1099 1267 eat3’'
1121 1191 1155 1247 et

112 1281 313 1372 Papinianus
335 1285 369 1350 in
387 1286 482 1352 lsstl.
495 1285 540 1351 Ι).
564 1283 663 1350 eod.r
687 1282 795 1366 „haee
816 1283 979 1350 condictio
1001 1308 1043 1350 ex
1062 1284 1154 1350 bono

113 1394 146 1449 et
166 1408 271 1475 aequo
295 1388 497 1473 introducta,
527 1386 617 1480 quod
639 1383 772 1452 alterius
802 1386 890 1476 apud
911 1388 1049 1453 alterum
1077 1387 1154 1454 siue

112 1507 208 1551 eausa
222 1477 493 1578 deprehenditur,
515 1511 668 1558 revocare
682 1488 887 1575 consuevit.”
930 1486 1021 1555 llaee
1042 1499 1151 1556 autem

114 1588 218 1655 bonae
241 1592 318 1656 fidei
340 1604 373 1658 et
393 1593 565 1683 aequitatis
587 1590 669 1656 ratio
691 1589 725 1655 id
746 1589 857 1674 efficit,
878 1600 914 1656 ut
935 1590 1037 1657 debiti
1058 1603 1153 1658 natu·

53 1728 55 1735 π
114 1691 206 1775 ralis,
229 1694 291 1758 etsi
315 1717 384 1759 non·
402 1694 496 1761 civile
518 1695 585 1776 sit,
606 1691 697 1756 nulla
719 1690 851 1756 daretur
871 1691 1035 1781 repetitio.
1076 1693 1152 1762 Hoe

113 1802 221 1857 autem
244 1794 344 1859 multa
367 1797 547 1885 fragmenta
568 1803 740 1860 testantur.
794 1792 834 1858 L.
859 1794 917 1859 11.
939 1794 983 1859 Ι).
1009 1796 1050 1862 de
1073 1820 1151 1863 eou-

114 1892 191 1960 diet.
216 1896 285 1962 iud.
309 1897 511 1989 (Neratius)=
546 1895 664 1985 „quod
693 1894 841 1983 pupillus
865 1895 936 1961 siue
956 1897 1075 1962 tutoris
1096 1920 1151 1964 an·

113 1990 260 2064 ctoritate
281 2000 452 2091 stipulanti
474 1998 662 2091 promiserit
681 2008 714 2062 et
734 1996 880 2091 soluerit,
905 1998 977 2085 ejus
991 2001 1163 2090 repetitio.

104 2110 186 2182 est,
209 2101 286 2191 quia
307 2127 368 2168 nee
390 2113 502 2169 natura
526 2101 657 2167 debet.'’
700 2098 935 2189 'l'ryplaouiuus
956 2105 1153 2191 generaliter

113 2200 194 2271 dieit
216 2203 249 2268 in
271 2203 295 2269 l.
310 2204 368 2270 64.
382 2205 426 2271 Ι).
448 2206 482 2270 b.
505 2214 555 2270 t.r
577 2214 642 2287 „nt
663 2200 750 2267 enirn
768 2202 900 2269 libertas
919 2205 1060 2270 naturali
1075 2207 1151 2292 jure

113 2303 322 2387 continetur,
351 2317 384 2371 et
411 2304 589 2371 dominatio
620 2328 660 2371 ex
688 2303 833 2394 gentium
860 2305 937 2391 jure
965 2306 1149 2375 introducta

115 2416 184 2489 est,
208 2406 253 2472 ita
270 2407 372 2473 debiti
386 2408 439 2474 vel
458 2432 525 2474 nou
541 2407 645 2474 debiti
666 2406 748 2472 ratio
769 2407 805 2473 iu
829 2407 1036 2475 condictione
1057 2422 1147 2475 natu·

113 2508 225 2575 raliter
243 2509 554 2600 intelligenda‘est.'’
585 2510 763 2577 Africanus
784 2510 817 2576 in
839 2510 863 2576 Ι.
875 2511 931 2576 lli.
949 2511 994 2576 Ι).
1015 2512 1056 2580 de
1068 2513 1145 2579 fide·

108 2611 270 2698 jussorib.
300 2614 423 2707 speciei
444 2614 609 2681 cuidama
636 2637 671 2680 se
691 2614 811 2680 relatae
831 2615 911 2680 baec
935 2615 1034 2680 verba
1064 2616 1147 2683 inse·

115 2714 177 2780 rita
202 2761 228 2798 „
250 2761 260 2780 .
285 2763 294 2782 .
319 2764 327 2781 .
351 2718 530 2783 naturalem
552 2717 783 2807 obligationem
806 2708 1009 2800 mansuram,
1034 2729 1090 2802 ut,
1119 2714 1147 2785 si

115 2816 270 2906 obligatio
292 2818 400 2885 civilis
421 2832 552 2910 pereat,
581 2819 725 2885 solutum
753 2831 899 2909 repetere
920 2844 998 2886 non·
1009 2820 1146 2910 possit.”

113 2915 209 2984 Unde
231 2942 307 3009 ergo
329 2921 543 3013 intelligitur,
577 2922 635 3015 qui
656 2922 847 2988 naturaliter
875 2934 996 2988 tautum
1020 2925 1148 3006 debeat,

113 3019 190 3114 quia
211 3018 383 3112 pecuniam
405 3026 544 3091 solutam
570 3035 717 3116 repetere
744 3048 810 3091 non
831 3036 957 3115 potest,
989 3027 1145 3117 aliquate-

112 3145 175 3187 nus
194 3133 299 3188 tamen
324 3125 463 3215 intelligi
485 3126 676 3193 debitorem.
728 3127 825 3211 Quod
845 3139 877 3194 et
897 3128 1050 3195 Julianus
1074 3154 1145 3196 eon·

112 3223 218 3289 lirmat
242 3226 276 3289 iu
297 3225 321 3290 l.
344 3229 406 3292 ld.
423 3227 454 3318 ᾗ.
476 3229 512 3294 d.
536 3230 579 3296 D.
606 3231 646 3296 de
667 3228 833 3316 fidejussor
865 3254 965 3314 „nam
988 3232 1068 3298 lieet
1090 3231 1145 3298 mi·
1196 3261 1208 3318 '.

52 3376 54 3380 ,
112 3346 175 3388 nus
199 3327 331 3416 proprie
358 3328 477 3396 debere
502 3331 651 3397 dieantur
679 3333 841 3398 naturales
865 3333 1052 3418 debitores,
1089 3359 1146 3426 per

113 3425 302 3495 abusionem
335 3441 441 3497 tamen
473 3434 616 3525 intelligi
645 3445 784 3523 possunt
810 3436 993 3519 debitores,
1027 3437 1144 3528 etffqoi
1211 3463 1214 3467 ·

35 3574 36 3577 ,
112 3529 153 3592 ab
177 3528 230 3594 bis
258 3533 428 3620 pecuniam
458 3536 646 3626 recipiunt,
680 3536 825 3602 debitum
854 3537 918 3603 sibi
947 3539 1143 3629 recepisse.”

61 3626 252 3799 ⁸:¹⁰ch
286 3658 324 3700 eo
346 3636 447 3724 magis
469 3637 535 3702 diei
558 3647 686 3726 potest,
720 3639 808 3728 quod
831 3662 896 3704 non
918 3663 959 3706 ex
979 3665 1018 3706 eo
1034 3641 1144 3707 vsolum

47 3755 65 3788 ¹.
116 3730 256 3802 ¹¹aturale
278 3737 422 3806 debitum
443 3740 647 3824 aestimator,
677 3742 764 3830 quod
787 3742 929 3807 solutum
952 3745 1058 3833 repeti
1080 3766 1146 3808 non

110 3846 237 3930 potest,
266 3839 323 3904 sed
346 3851 377 3904 et
398 3842 488 3930 qrrod
507 3843 629 3935 pignos
650 3867 711 3933 pro
733 3867 771 3909 eo
793 3845 903 3910 datum
923 3857 955 3912 et
973 3848 1149 3934 fidejussor

112 3936 148 4001 in
163 3937 197 4003 id
213 3953 362 4030 aceeptus
378 3954 552 4029 tenentur,
572 3969 641 4035 arg.
658 3945 746 4012 1.,13.
763 3970 814 4035 pr.
828 3947 872 4011 D.
889 3948 928 4013 de
945 3950 1041 4015 eoud.
1065 3950 1148 4032 ind,

112 4052 277 4128 praeterea
295 4043 382 4133 quod
396 4044 590 4136 plerumque
605 4048 742 4119 retentio
761 4071 800 4112 eo
815 4051 945 4116 nomine
961 4051 1067 4118 datur.
1101 4051 1151 4119 lu

111 4141 313 4233 Pomponius
329 4145 363 4210 iu
377 4145 401 4211 l.
414 4147 468 4212 51.
484 4147 528 4212 Ι).
553 4160 576 4214 t.
594 4175 622 4216 o.
638 4149 782 4218 naturale
797 4148 939 4221 debitum
963 4155 1005 4223 ita
1022 4159 1151 4242 delinit,
