2572 4800
465 407 746 487 ..295-

64 594 226 680 ⁴credidi.
242 649 284 664 ·-
318 610 462 679 Secundi
491 610 576 676 enim
599 621 722 679 tanturn
743 635 837 680 casus
860 623 974 680 natura
994 614 1035 681 ad
1054 638 1123 681 mu·

90 714 140 779 tui
160 727 306 781 naturam
335 716 483 805 proxime
505 714 653 798 accedit,
683 726 881 805 quapropter
906 740 972 782 non
1002 718 1052 784 rci
1072 742 1124 787 so·

88 817 158 883 lum
186 818 321 883 traditae
350 817 408 884 sed
435 827 468 883 et
500 817 658 907 pecuniae
685 841 726 882 ex
754 818 845 884 illius
867 819 1054 898 venditione
1074 844 1124 887 re·

89 918 200 987 daotae
216 920 452 1010 periculum'ad
465 931 497 985 te
514 914 666 1008 respicit3
690 942 758 1008 arg.
778 919 802 984 l.
813 923 866 984 ss.
882 920 927 986 D.
950 921 990 986 de
1004 921 1047 986 R.
1059 919 1123 1007 (L,
1198 962 1201 969 ·

88 1020 113 1087 l.
129 1022 186 1086 34.
215 1022 259 1088 D.
290 1022 431 1087 mandat.
463 1057 506 1072 -
545 1019 733 1086 Accedebat
763 1033 869 1087 autem
903 1033 1006 1088 totum
1040 1023 1125 1092 ittut
1264 1087 1266 1093 .

89 1125 313 1214 exemplorum
335 1149 457 1216 genus,
484 1123 518 1189 iu
541 1147 607 1213 quo
628 1134 765 1213 propter
785 1125 872 1212 pacti
892 1126 1010 1212 adjecti
1031 1141 1123 1197 natm

87 1252 156 1294 ram
177 1227 396 1295 controversia
417 1226 599 1310 existebat,
622 1251 701 1293 uam
722 1228 885 1294 nominata
905 1227 988 1296 actia
1011 1229 1052 1295 ad
1071 1253 1123 1297 re·

88 1330 279 1396 solvendum
299 1331 465 1421 negotium
488 1328 604 1411 valeat,
639 1352 680 1392 an
702 1328 798 1417 quasi
820 1329 860 1395 de
882 1353 968 1397 novo
989 1332 1122 1421 negotio

86 1429 127 1495 Ρ.
151 1430 195 1495 V.
218 1433 379 1521 agendum
409 1433 473 1513 sit,
505 1443 541 1495 ut
562 1441 656 1519 paeto
677 1430 872 1496 resolutorie
894 1432 982 1498 ,fides
1006 1432 1123 1501 babea-

84 1544 149 1599 tur.
195 1533 286 1616 Quae
308 1534 548 1623 exemplatam
570 1533 740 1597 manifesta
760 1544 861 1614 sunt,
893 1544 930 1598 ut
959 1532 1008 1599 nil
1029 1557 1121 1623 pror·

84 1657 141 1699 sus
166 1634 377 1700 dubitationis
399 1634 597 1724 relinquant.
640 1632 902 1701 Controversiam
928 1635 1015 1702 euim
1037 1639 1122 1703 bane

84 1736 279 1803 denomino
301 1748 423 1803 tautum
445 1736 583 1803 aetionis
604 1736 707 1801 fuisse
730 1750 884 1827 apparet,
909 1739 952 1804 ita
977 1739 1121 1809 utitem

83 1863 182 1930 porro
203 1839 237 1905 in
259 1852 395 1930 utraque
415 1840 544 1908 venisse
565 1840 771 1905 manifestam
793 1841 847 1906 sit.
892 1840 988 1907 Unde
1009 1863 1120 1908 necea·

85 1943 171 2008 sario
193 1944 366 2031 sequitur,
397 1943 436 2007 P.
462 1942 506 2006 V.
536 1941 696 2008 actionem
716 1941 833 2007 iisdem
856 1942 978 2032 regulis
1002 1943 1121 2008 consti·

83 2045 188 2126 tisse,
211 2045 331 2133 quibus
354 2042 511 2109 nominati
531 2055 715 2110 contractus
735 2042 941 2133 regebantur.
985 2043 1029 2109 Et
1046 2044 1120 2111 ideo

83 2145 206 2211 Paulus
236 2169 312 2211 casu
341 2146 481 2235 quodam
509 2169 607 2235 supra
634 2147 703 2232 jam
726 2147 855 2212 laudato
879 2145 1037 2212 Sabinum
1057 2170 1118 2235 pue

81 2262 168 2314 tasse
190 2250 310 2332 reicrt,
344 2272 385 2314 ex
406 2259 491 2314 emto
512 2249 671 2315 actionem
705 2271 800 2331 esse,
831 2260 865 2315 et
885 2249 993 2315 addita
1030 2261 1120 2333 „aut

82 2351 329 2440 proximecmti
363 2352 484 2418 actioni
504 2352 540 2417 in
571 2353 691 2417 iactum
714 2351 848 2436 datur”;
881 2374 950 2440 arg.
972 2351 1048 2416 td.
1071 2349 1117 2414 D.

82 2454 123 2518 de
145 2477 228 2519 rese.
251 2454 348 2518 vend.
393 2453 485 2537 Quae
508 2454 579 2542 ipsa
607 2452 705 2522 verba
728 2452 885 2535 iudicant,
909 2450 1066 2518 Sabinum
1086 2459 1119 2516 et

80 2556 220 2621 Paulum
241 2556 281 2623 de
304 2555 435 2621 nomine
456 2567 579 2622 tantum
599 2554 816 2636 dissensisse,
846 2564 991 2619 ceterum
1010 2563 1119 2618 autem

81 2659 213 2746 utrique
233 2657 352 2722 astioni
380 2659 519 2749 eundem
541 2658 689 2723 effectum
713 2657 913 2745 eandemque
942 2656 1008 2723 vim
1029 2654 1118 2721 attri-

79 2760 202 2826 buisse.
248 2759 338 2824 Idem
359 2760 432 2850 iege
462 2760 519 2826 itt·
545 2761 661 2848 imper.
692 2759 872 2825 Alexandri
893 2759 1115 2841 confirmatur,

80 2887 184 2952 quac,
216 2863 245 2926 si
275 2885 326 2927 res
357 2887 399 2929 ex
431 2875 526 2952 pacto
558 2861 813 2927 retrovendcnda
844 2861 908 2942 sit,
945 2871 1116 2949 utramque

78 2964 239 3031 actionem
268 2977 451 3054 competere
478 2963 650 3048 recentum
685 2988 754 3052 arg.
790 2961 814 3026 Ι.
834 2964 868 3026 2.
903 2961 943 3028 C.
967 2961 1008 3026 de
1029 2971 1114 3050 pact.

78 3068 139 3132 int.
163 3077 240 3131 emt.
263 3105 305 3116 -
337 3066 420 3150 Quis
452 3068 537 3133 enim
559 3076 671 3156 putat,
702 3066 731 3130 si
759 3089 825 3130 non
856 3064 969 3129 iisdem
991 3062 1116 3152 regulis

79 3178 216 3257 utraque
238 3170 448 3253 consisteret,
478 3171 631 3260 idemque
654 3192 789 3257 prorsus
811 3168 846 3232 in
869 3178 1006 3256 utraque
1025 3164 1116 3231 veni·

78 3271 211 3352 ret„in
235 3295 301 3337 uno
332 3273 511 3363 eodemque
542 3272 674 3362 negotio
700 3272 780 3336 duas
801 3269 944 3334 actiones
966 3265 1115 3357 proposi·

77 3386 126 3440 tas
150 3396 221 3439 esse
245 3374 286 3438 de
311 3375 421 3440 eadem
447 3376 508 3441 re‘t
550 3373 645 3440 Unde
667 3384 701 3437 et
720 3372 771 3437 ilii
796 3370 976 3438 difficultati
998 3369 1120 3434 enoda-⁴

75 3478 123 3543 tio
144 3477 282 3557 accedit,
306 3479 393 3566 quod
415 3478 450 3543 in
473 3477 577 3567 pactis
598 3474 803 3542 resolutoriis
825 3470 996 3562 utramque
1015 3471 1114 3537 actio·
1191 3556 1194 3561 Δ

75 3603 152 3646 nem
173 3579 208 3644 in
231 3579 429 3668 digestorum
457 3578 560 3650 libros
585 3591 769 3668 receptam,
801 3600 909 3666 neque
932 3587 1003 3639 utra
1024 3594 1117 3656 vera,

74 3695 146 3749 utra
168 3681 251 3747 falsa
272 3681 331 3764 sit,
354 3682 565 3769 dijudicatum
584 3682 743 3750 videmus.
787 3678 896 3762 Quum
920 3675 1008 3741 euim
1026 3674 1113 3740 idern
1153 3700 1157 3707 ’

74 3807 209 3874 prorsus
231 3784 265 3848 in
289 3795 427 3874 utraque
448 3787 576 3868 veniat,
605 3794 638 3849 et
668 3784 709 3849 da
735 3781 868 3846 nominc
888 3790 1013 3844 tantum
1036 3802 1112 3845 can·

71 3886 232 3952 troversia
254 3886 317 3968 sit,
342 3909 407 3976 qua
431 3889 505 3979 quis
526 3889 654 3954 actione
672 3895 793 3964 utatur,
814 3882 940 3948 nuliius
957 3882 1114 3949 momenti

72 3988 215 4068 videtur,
235 3989 415 4056 Justiuiaui
437 3990 642 4081 potissimum
673 3986 897 4077 temporibus,
927 4006 1024 4072 quac,
1046 3983 1111 4047 for·

72 4092 234 4157 mularum
256 4093 414 4182 angustiis
435 4094 492 4159 diu
508 4095 578 4180 jam
599 4091 762 4174 sublatis,
794 4089 834 4156 de
861 4087 1025 4156 actionum
1053 4107 1112 4150 no·

70 4196 160 4263 mine
181 4195 230 4261 nii
252 4196 391 4286 amplius
419 4197 585 4264 curabant.
609 4233 650 4247 -
