2572 4800
497 428 541 449 -·
596 383 774 467 ton..

124 601 188 655 tote
210 589 372 678 cujusque
392 587 581 654 videbitur..
609 587 755 666 Eorum,
779 585 838 675 qui
856 586 942 652 intra
963 587 1070 672 diem,
1103 588 1158 654 vel

123 695 176 759 eb·
190 693 283 759 initio
302 693 412 761 deturn
429 691 482 759 vel
503 713 593 757 exer
609 713 704 755 eausa
718 701 829 776 postca
848 701 1069 778 prorogatum,
1093 689 1158 757 sibi

124 817 192 879 non
216 794 444 876 reddiderint„
471 793 609 880 pignore
639 791 830 878 capientur,
854 815 981 882 enque,
1014 794 1045 857 si
1072 794 1158 859 intre

124 896 206 961 duos
229 919 441 975 meusesnon
460 895 629 973 solverint,
653 895 853 978 venduntur,
874 873 905 960 si
926 894 1006 983 quid
1027 918 1069 961 ex
1085 908 1158 984 pre·

123 996 179 1063 tiis
199 998 357 1087 supersit,
376 995 529 1083 reddetur
549 997 593 1074 ei,
615 996 710 1081 cujus
725 996 862 1084 pignore
882 997 1011 1062 venditu
1027 999 1159 1064 eruut.'’

123 1097 258 1167 natm
278 1097 467 1168 aliis-locis
502 1121 522 1165 n
552 1097 711 1187 Septimio
735 1098 892 1183 -Snsero,
928 1100 1093 1169 curcula
1125 1113 1160 1168 et

123 1202 313 1277 Alexandro
337 1200 459 1269 Severo
492 1201 650 1288 rescripte
679 1201 876 1295 iuveniores.
927 1201 1019 1267 Haec
1050 1213 1159 1270 eutem

122 1305 270 1395 pignoris
287 1305 385 1393 cupio
407 1303 459 1370 nit
476 1301 567 1375 tlind
590 1313 659 1385 est,
688 1327 785 1391 quem
818 1302 969 1392 partieris
998 1303 1160 1373 bonnm

122 1408 290 1491 venditio,
328 1407 478 1473 undetet
494 1404 667 1493 originem
693 1405 832 1472 traxisse
861 1405 1002 1472 videtur.
1067 1403 1161 1473 Sient

121 1509 210 1575 enirn
233 1535 252 1574 r
273 1509 468 1597 magistr-utu.
483 1506 568 1575 bons
589 1506 752 1593 possideri
768 1518 801 1573 et
817 1505 927 1575 venire
937 1505 1159 1592 jubebeutnrs

122 1610 166 1676 its
189 1635 278 1687 nnuc
300 1607 553 1698 pignore.cspi;
584 1618 617 1673 et
644 1607 729 1675 sieut
761 1620 855 1674 untes
883 1607 969 1681 bone
999 1607 1056 1675 ills
1086 1618 1162 1698 post

123 1713 187 1778 Lx
205 1714 276 1778 dies
291 1709 444 1799 emptori
465 1707 717 1790 addicebantur,
749 1710 793 1775 its
816 1733 904 1776 nuuc
931 1732 1064 1799 qnoque
1085 1722 1161 1801 post

122 1817 205 1883 dnos
226 1838 354 1881 meuses
375 1811 511 1878 distrahi
535 1811 672 1900 pignora
689 1810 904 1897 jubebuntur.
926 1849 970 1862 —

201 1916 363 1999 'Breviter
380 1914 481 2005 igitur
503 1913 557 1978 bis
580 1913 753 1994 omnibus,
784 1938 872 2002 quoe
904 1914 966 1979 sub
988 1914 1160 2003 imperato·

94 2030 101 2036 “
122 2021 213 2087 ribus
234 2022 392 2086 innovata.
407 2016 566 2107 vidimus,
587 2013 750 2101 repetitis,
774 2015 981 2080 manifestum
1003 2014 1059 2096 fit,
1081 2039 1160 2104 pru·

121 2123 262 2189 cissimis
293 2131 418 2186 tentum
450 2115 580 2184 ensibus
610 2116 776 2183 debitores
808 2117 915 2182 adbuc
929 2115 1160 2183 creditoribus

120 2226 292 2306 addictos,
315 2234 357 2316 ³⁰¹
383 2220 425 2285 nb
446 2220 491 2285 iis
513 2220 645 2289 domum
676 2220 833 2289 deductos
863 2242 948 2286 csse.
1003 2217 1056 2285 Ex
1086 2219 1159 2311 lege

122 2326 210 2391 enirn
230 2324 315 2412 julia
337 2325 400 2388 boc
421 2345 488 2389 nou
510 2321 581 2390 nisi⁴
610 2322 644 2386 iu
675 2322 807 2390 dolosos
838 2322 1003 2390 debitores
1023 2322 1159 2411 permis·

121 2437 303 2512 sumeret,
334 2448 444 2516 neque
465 2425 500 2488 iu
521 2413 764 2493 nos-iunceis
786 2449 919 2493 necesse
939 2435 1019 2489 erat.
1063 2424 1159 2504 Pote-

120 2539 194 2594 rcut
210 2529 308 2594 -euinr
335 2528 401 2594 rim
428 2550 447 2592 c
480 2538 627 2614 praetore
655 2529 844 2617 requirere,
876 2526 937 2593 nbi
966 2548 1020 2593 res
1049 2528 1160 2617 ulique

122 2630 308 2697 exbibenda
328 2629 381 2694 rel
403 2628 602 2695 restituendo
623 2640 714 2714 eret,
743 2643 893 2719 poterunt
914 2642 946 2698 et
966 2631 1159 2720 pignoribus

121 2733 224 2822 ceptis
245 2731 390 2798 conteuti
412 2754 507 2811 esse,
540 2733 737 2818 praesertim
765 2758 868 2822 quom
889 2745 1068 2801 ceterorum
1090 2758 1158 2803 cre·

121 2836 262 2902 diturum
283 2856 479 2899 concursum
502 2834 565 2900 boc
586 2834 691 2901 modo.
707 2836 827 2902 evitare
857 2848 1002 2924 possent.
1061 2837 1159 2925 Prae·

85 2932 173 3005 'tor
193 2937 281 3003 eninr
303 2937 467 3020 nondum,
502 2946 538 3001 ut
558 2936 657 3001 bodio
678 2936 735 3017 fit,
766 2962 808 3003 ex
829 2938 939 3004 officio
963 2959 1160 3018 coneursum

120 3038 413 3133 aperiresolebn13
444 3040 504 3105 sed
520 3050 587 3104 tnrn
610 3040 765 3123 demum,
797 3042 827 3106 si
847 3041 968 3131 uliquis
992 3065 1043 3107 ex.
1055 3039 1160 3108 credi·

119 3144 247 3213 toribus
258 3140 420 3207 bonorum
434 3144 676 3231 possessiouem
701 3146 930 3234 postnlfppn'tct.
975 3140 1072 3210 Unde
1093 3167 1158 3209 mn·

120 3246 276 3317 bifestum
289 3245 339 3327 iit,
361 3245 508 3334 quumvis
520 3245 662 3314 liberum
688 3234 904 3315 creditddibus
919 3248 1089 3315 arbitrium
1109 3271 1159 3313 re·

120 3348 236 3415 dictum
261 3346 381 3429 fuerit,
415 3358 471 3413 rut
491 3347 654 3417 bonorum
672 3352 914 3439 possessiouem
931 3363 988 3419 sut
1010 3351 1158 3441 pignoris

121 3461 245 3517 tontum
262 3449 432 3539 cepionem
446 3451 649 3538 postulandi,
663 3476 778 3541 ,neque
801 3455 860 3520 boc
874 3455 915 3521 de
927 3478 964 3519 re
987 3454 1054 3521 ulla
1070 3451 1158 3537 juris

119 3553 233 3643 equis
250 3551 430 3618 exstiterit:
459 3563 599 3619 ettamen
617 3577 680 3619 usu
697 3567 729 3619 ct
745 3556 884 3622 utilitate
902 3556 1100 3622 creditorum
1119 3575 1159 3619 eo

121 3665 314 3744 perventum
335 3677 428 3736 esse,
466 3667 502 3721 ut
523 3657 566 3722 in
600 3680 656 3722 eos
689 3657 874 3742 debitores,
911 3657 970 3745 qni
1002 3656 1158 3730 solvendo

99 3780 188 3855 ,unu
215 3768 346 3840 essent,
376 3757 730 3847 bonormpossessio
749 3773 792 3826 ot
817 3759 982 3840 venditio,
1016 3759 1050 3823 iu
1083 3759 1158 3826 ilios

118 3872 246 3942 autern,
281 3860 341 3950 qui
365 3884 432 3925 uon
453 3861 736 3950 quirnpccnninm
756 3863 921 3953 explicere
944 3862 1160 3950 nonpossint

104 3963 178 4028 -scd
202 3963 244 4028 ob
272 3963 843 4050 eontumccicur-judicnturn·.·ducere
871 3966 1069 4046 detrectent,
1107 3963 1157 4050 pi·

118 4064 232 4156 gaoris
253 4067 345 4155 capio
368 4067 606 4158 distractioque
624 4068 845 4157 postularetur
865 4079 898 4134 et
911 4068 1154 4141 'decerneretur-

118 4169 158 4234 lu
181 4167 371 4235 indefensos
392 4181 499 4236 autern
523 4194 699 4259 nutuqunrn
722 4170 871 4260 pignoris
887 4169 1078 4267 ·⁰.³Pi⁰’¹⁰ss‘³d
1101 4167 1155 4241 bn·
1225 4217 1226 4220 ,
