2572 4800
440 373 727 465 ...545-

56 600 129 657 sum
162 578 280 649 babco.
326 580 419 649 Sicut
446 578 534 647 enim
562 577 694 668 saepius
707 578 782 665 jam
803 582 958 670 opposui,
979 583 1106 675 obliga·

55 686 124 768 tio,
138 678 240 777 -quae
262 709 303 753 ex
325 710 360 751 re
382 686 511 767 oritur,
541 682 761 771 accipientem·
779 693 905 757 tantam
917 686 1106 777 obligatum

56 790 211 877 exbibct3
224 791 293 880 'qui
317 801 424 855 autem
447 787 560 869 dedit,
582 785 809 883 dominueet
831 788 976 879 negotii,
997 814 1109 880 neque

56 892 128 958 ullo
147 895 244 961 mode
261 892 357 959 alteri
373 891 549 981 obligatus.
596 887 693 954 Unde
709 891 884 980 sequitur,
896 910 938 959 eu
957 910 1109 963 renuam

55 1009 181 1063 tantum
205 986 367 1064 actionem
395 994 498 1073 oriri,
521 993 546 1057 i.
577 1016 608 1058 e.
639 990 912 1075 condictionem,¹
928 1007 1109 1073 utcontra-

55 1101 139 1179 riam
159 1126 204 1167 ne
226 1102 369 1190 intelligi
397 1098 533 1189 quidem
554 1120 664 1184 posse,
723 1096 823 1180 Quod
842 1099 1109 1195 enimpompen·

55 1205 194 1270 sationis
225 1203 359 1270 nomine
395 1201 522 1294 opponi
548 1199 677 1279 solebat
708 1202 1000 1282 condietioui‚..-··
1033 1215 1110 1275 ante

54 1308 239 1376 Justiuiaui
262 1333 309 1375 sc.
333 1321 479 1397 tempora
509 1329 580 1371 nou
607 1326 651 1385 ex
674 1304 788 1370 eedem
813 1306 946 1395 negotio
967 1304 1110 1373 debeba-

55 1423 126 1495 tur,
149 1413 236 1478 sicut
258 1435 288 1477 e.
314 1437 346 1502 g.
375 1410 482 1493 illud,
505 1407 594 1498 qued
615 1405 814 1472 mandatarin
836 1405 943 1496 ipsius
966 1406 1111 1477 mandati

55 1514 183 1581 ratione
204 1514 316 1596 abest,
350 1513 408 1578 scd
431 1536 473 1579 ex
494 1511 559 1579 alio
583 1509 726 1599 quedam
755 1511 910 1601 negotio,
942 1511 1111 1590 relutiex

55 1616 121 1681 alio
143 1626 270 1685 mutue.
317 1616 415 1701 Quod
438 1616 481 1698 ei,
504 1636 590 1703 quae
611 1635 652 1691 ex
671 1614 827 1697 seeundo·
841 1616 1044 1687 hanneton
1061 1617 1111 1682 in·

56 1720 160 1786 vicem
180 1721 261 1785 mibi
283 1719 458 1800 debentur,
482 1741 543 1808 ego
564 1716 843 1804 compensationis
857 1719 991 1785 nomine
1008 1718 1111 1787 actori

56 1846 225 1912 opponere
257 1823 484 1912 neglexerim,
517 1820 727 1887 manifestum
750 1833 836 1902 cst,
855 1845 923 1889 non
949 1821 1112 1891 contraria

55 1926 196 2005 actione,
208 1951 261 1993 me
280 1951 365 2016 quae
387 1925 471 1991 milri
491 1923 674 2006 debentur,
697 1935 1005 2012 consequnturnnr,
1036 1950 1113 1993 cum

56 2029 240 2094 secundom
273 2030 337 2095 boe
369 2040 519 2092 mutuum
553 2050 628 2091 eum
655 2026 765 2114 primo
795 2026 856 2093 illo
885 2026 994 2105 nullo·
1013 2029 1112 2097 ruodo

56 2131 248 2216 cohaereat,
272 2131 332 2197 scd
353 2131 520 2220 propriam
551 2129 633 2195 mibi
667 2128 738 2194 dari
767 2130 1016 2210 condictionem·
1048 2133 1114 2201 uei

56 2234 195 2314 crediti,
226 2227 323 2323 duae,
354 2233 440 2299 sicut
461 2245 495 2298 ct
523 2232 682 2297 creditum
714 2232 843 2322 ipsum,
878 2255 936 2298 sua
957 2234 991 2299 vi
1014 2246 1113 2324 atque

57 2346 219 2422 potestate
249 2348 388 2403 constat.
419 2376 460 2387 -
502 2338 591 2401 Autc
622 2335 804 2402 Jnstiniani
842 2336 1112 2405 constitutionem

56 2448 165 2502 antem
187 2440 249 2504 boo
272 2463 349 2505 casu
374 2440 511 2504 dabatur
533 2462 581 2502 ex
611 2450 756 2505 mutuo
776 2439 960 2526 condictio,
998 2455 1112 2532 postea

57 2553 168 2607 autern
199 2542 365 2608 condictio
399 2541 615 2623 indebiti,
650 2565 754 2630 quum
792 2545 1016 2636 compensatio
1039 2545 1113 2632 ipso

52 2642 131 2726 jure
156 2644 259 2710 debiti
279 2669 437 2710 summam
461 2644 612 2710 minuere
635 2644 812 2713 videretur.

95 2749 96 2752 ’
146 2747 186 2814 C.
234 2746 392 2815 Strictum
414 2748 633 2815 condictionis
660 2749 719 2837 jus
756 2774 823 2816 non
855 2752 1041 2843 patiebatur
1064 2749 1115 2816 ul·
1175 2826 1177 2831 .

56 2852 126 2918 lum
142 2852 269 2939 judicis
292 2853 435 2920 officinm
455 2852 708 2944 arbitriumque.
766 2853 880 2920 Stricti
898 2855 988 2942 juris
1011 2852 1115 2943 igitur

56 2955 204 3021 actiones
232 2956 422 3029 arbitrariae
447 2980 512 3022 uon
538 2970 642 3023 erant.
688 2957 807 3023 Postea
836 2968 945 3023 tamen
980 2967 1014 3023 ct
1032 2958 1115 3023 baec

57 3059 214 3125 severitas
238 3059 273 3124 in
296 3058 408 3126 odium
431 3060 531 3145 abiit,
567 3072 601 3126 et
621 3061 806 3127 introducta
838 3071 889 3126 est
916 3061 1001 3127 aetio
1030 3059 1115 3124 arbi·
1225 3144 1228 3150 Ι

55 3163 158 3229 traria
181 3164 223 3227 de
255 3187 317 3246 ee,
350 3163 440 3253 quod
471 3176 560 3231 certo
587 3165 661 3230 loco
691 3164 761 3230 dari
797 3175 938 3254 opertet.
1000 3161 1115 3246 „Quia

58 3268 149 3332 enim
174 3268 326 3357 iniquum
358 3281 450 3352 erut,
482 3267 511 3333 si
543 3267 727 3357 promissor
752 3267 890 3333 adeum
919 3268 1050 3348 locum,
1079 3265 1115 3328 in

57 3393 158 3460 quem
179 3371 331 3438 daturum
360 3395 396 3437 se
418 3371 637 3461 promisisset,
669 3386 851 3461 numquam
873 3371 1057 3454 accederet,
1072 3409 1116 3420 -

57 3473 149 3563 qnod
172 3474 224 3540 vel
245 3475 317 3540 data
341 3498 441 3565 opera
474 3476 623 3560 faceret,
663 3475 716 3543 vel
742 3475 820 3565 quia
853 3474 928 3540 aliis
951 3474 1035 3540 locis
1056 3498 1115 3537 ne-

55 3576 201 3641 cessario
235 3577 489 3666 distringeretur
516 3574 565 3630 -'
593 3602 660 3644 non
694 3600 794 3668 posse
824 3577 1051 3667 stipulatorem
1075 3576 1116 3641 ad

55 3702 153 3744 snum
193 3682 389 3769 pervenire,
432 3680 507 3746 ideo
546 3680 654 3747 visum
691 3695 764 3765 est,
805 3680 920 3762 utilem
951 3679 1115 3744 actionem

52 3783 90 3848 in
123 3807 195 3850 eam
216 3809 287 3852 rem
319 3787 548 3875 comparare'’3
581 3808 652 3875 arg.
682 3785 708 3851 l.
732 3788 765 3850 l.
798 3783 842 3851 D.
876 3783 919 3848 de
947 3804 988 3848 eo
1025 3781 1115 3872 quod

52 3899 144 3954 certe
168 3888 255 3957 loco.

139 3992 184 4057 D.
230 3993 354 4060 Eadem
382 3993 472 4081 juris
506 3993 663 4060 severitas
690 3992 925 4082 impedimento
949 4003 1038 4076 erat,
1072 4012 1115 4055 ne

56 4095 258 4162 absolutoria
295 4113 406 4164 essent
439 4098 545 4165 stricti
577 4098 665 4185 juris
689 4097 830 4186 judicia.
899 4094 1114 4162 Absolutoria

57 4197 145 4264 cuim
169 4223 206 4293 ea
228 4213 354 4270 tautum
378 4203 483 4271 fuisse
507 4227 701 4295 persuasum
733 4201 861 4287 liabeo,
893 4222 978 4290 quae
1009 4210 1042 4264 et
1063 4223 1114 4264 ar-

739 4308 785 4373 93
821 4364 825 4368 .
