2572 4800
710 123 731 159 ρ
753 109 757 116 ,

533 437 610 454 ·-
657 388 839 477 919-
966 318 970 326 ⁵

185 599 222 667 Si
244 610 351 668 autem
372 621 447 665 vere
469 596 599 663 debitor
619 596 758 680 luisset,
792 605 826 662 et
855 606 930 662 anta
952 593 1084 685 nuptias
1106 591 1223 660 solvis·

183 713 255 787 set,
292 715 325 768 et
355 701 491 791 nuptiae
521 701 688 767 insecutae
719 722 785 764 non
818 710 951 782 essent,
982 699 1091 786 ipsum
1112 715 1223 786 ¹posse

182 804 355 871 condicere
378 803 495 890 ajunt,
526 824 623 870 eausa
652 801 755 867 debiti
787 802 912 892 integra
941 799 1071 866 mulieri
1094 799 1135 864 ad
1160 801 1224 868 boe

181 909 289 974 solnm
309 917 479 986 monente,
510 916 547 970 ut
574 905 615 971 ad
642 905 692 972 nil
717 905 807 972 aliud
836 904 966 971 debitor
993 902 1224 992 compelletur,

49 1039 52 1044 ·
181 1010 249 1078 uisi
269 1020 305 1074 ut
326 1007 468 1074 cedat
440 1033 471 1074 ea
491 1008 679 1075 condictitia
702 1007 867 1112 aetioness’
886 1046 930 1058 —-

265 1148 443 1236 Postquam
463 1157 571 1212 nutem
591 1144 754 1230 vidimus,
785 1144 839 1212 eui
861 1124 1021 1232 competat
1042 1140 1221 1225 condictio,
1249 1158 1252 1164 '

181 1249 345 1316 videamus
368 1272 456 1314 nunc
483 1260 515 1314 et
540 1246 648 1331 illud,
681 1259 793 1314 contra
813 1271 911 1337 quem
940 1246 1046 1312 detur.
1097 1243 1223 1367 Neque

180 1352 326 1443 aequitas
346 1351 428 1430 illud
453 1351 596 1440 petitur,
619 1362 656 1417 ut
674 1350 714 1416 ab
738 1352 851 1417 endem
874 1374 1023 1439 semper,
1054 1348 1111 1414 eui
1134 1349 1222 1415 solu·

179 1466 262 1520 tum
272 1465 321 1519 est
337 1453 517 1519 indebitum
540 1454 586 1542 (e.
603 1459 667 1542 g.),
689 1466 721 1520 et
736 1450 943 1519 condictione
964 1462 1148 1541 repetatur3
1166 1451 1220 1517 ve·

178 1558 243 1625 luti
262 1558 296 1623 in
317 1559 377 1624 bac
399 1547 529 1646 speciei
565 1581 660 1639 enm,
696 1555 754 1647 qui
776 1555 846 1621 vult
869 1554 949 1620 mibi
973 1555 1095 1620 donare
1119 1576 1219 1642 supra

177 1659 359 1749 legitimum
396 1658 549 1740 modum,
591 1659 707 1749 delego
740 1658 893 1725 creditori
926 1680 1010 1722 men.
1067 1654 1220 1723 Creditur

178 1783 280 1850 ergo,
316 1760 392 1849 qnia
419 1781 514 1824 suum
549 1759 655 1847 petit,
690 1760 883 1850 exceptione
919 1758 1117 1825 summoveri
1154 1764 1218 1825 non

177 1869 308 1950 potest3
336 1871 368 1926 et
396 1860 501 1926 nihilo
522 1862 625 1950 magis
647 1861 688 1927 nb
710 1862 782 1952 ipso
804 1872 916 1951 postea
938 1860 1147 1928 condictione
1170 1887 1218 1928 so-

176 1961 283 2028 lutum
305 1972 453 2051 repetere
473 1961 571 2048 lieet3
610 1962 721 2052 itaque
754 1963 961 2030 condictione
996 1987 1058 2054 ego
1088 1976 1217 2048 teneor,

177 2088 237 2154 qur
225 2063 424 2153 delegavi3
447 2086 515 2155 arg.
538 2064 563 2131 l.
587 2065 621 2130 5.
644 2064 676 2158 5.
699 2065 733 2134 5.
756 2064 801 2133 D.
825 2066 866 2132 de
885 2066 954 2135 doli
979 2066 1057 2135 mali
1084 2080 1119 2137 et
1140 2078 1215 2173 met.

177 2190 249 2233 018·
272 2203 315 2215 ’-

263 2299 470 2368 Simillimam
491 2302 634 2392 speeiem
666 2303 769 2369 refert
789 2304 1067 2397 Trppboninns'
1057 2333 1092 2373 ru
1114 2308 1139 2374 Ι.
1159 2307 1213 2373 79.

177 2402 208 2496 5.
232 2404 265 2471 5.
286 2402 331 2468 D.
355 2402 490 2488 dejure
510 2406 578 2470 dot.
600 2406 653 2471 bis
674 2406 846 2488 verbius,
849 2409 892 2489 ,si
912 2409 1028 2476 merito
1050 2410 1137 2477 dotis
1157 2432 1215 2475 uo·

174 2505 264 2571 mine
289 2504 460 2593 stipulanti
489 2507 677 2596 promiserit
706 2534 768 2600 per
790 2535 932 2578 errorem
955 2511 1005 2594 is,
1038 2512 1100 2602 qui
1122 2536 1212 2580 exce
1241 2580 1246 2595 ,

173 2606 287 2696 ptione
307 2618 405 2673 tutus
418 2620 499 2692 erat,
520 2635 581 2695 nec
604 2613 720 2697 solvat,
739 2625 875 2703 cogetur
887 2639 919 2680 er
907 2614 1081 2700 solvere,
1105 2621 1139 2682 'et
1157 2617 1212 2713 ba·

174 2708 268 2774 bebit
288 2711 540 2779 condictionem
547 2714 701 2781 adversus
716 2718 887 2785 mulierem
907 2727 963 2783 eut
978 2727 1119 2807 pat-rem,
1141 2729 1212 2787 uter

173 2833 287 2877 eorum
308 2813 491 2902 delegavit,
520 2814 564 2882 ob
584 2815 619 2881 id
637 2816 726 2906 quod
745 2817 935 2884 indebitum
953 2819 1069 2885 merito
1091 2820 1209 2909 promi·

172 2913 217 2982 ait
237 2923 293 2979 cut
313 2914 445 2980 solvite„
473 2972 476 2977 .
496 2917 587 2983 Idem
616 2941 689 2984 csse
719 2919 753 2985 in
779 2931 989 3010 procuratore
1008 2921 1208 3010 Papinianus

170 3024 308 3085 testatur
326 3017 362 3081 iu
376 3017 409 3083 .l.
431 3019 475 3083 57
496 3017 528 3111 5.
550 3022 583 3085 l.
605 3020 650 3085 D.
674 3022 715 3087 de
745 3023 841 3088 cond.
866 3023 936 3088 ind.
961 3057 1003 3109 -ς
1052 3023 1207 3092 Pronurus
1243 3039 1246 3045 '

170 3126 224 3182 tor
243 3117 331 3186 enim
352 3118 392 3183 ud
413 3120 515 3187 boen
536 3120 696 3191 creditore
717 3124 934 3207 constitutus,
962 3136 999 3190 nt
1013 3125 1100 3195 'buie
1121 3127 1206 3200 dtbi·

170 3231 241 3283 tum
263 3219 472 3303 redderetur,
507 3221 630 3308 majore
660 3225 799 3313 pecunia
829 3226 935 3292 solutu
963 3226 1105 3297 indebiti
1132 3252 1205 3295 eou·

171 3319 315 3387 dictione
347 3323 590 3400 convenietur.
633 3324 762 3409 Quodsi
794 3328 1004 3411 nominatim,
1039 3340 1077 3395 ut
1107 3330 1208 3416 major

170 3422 309 3510 pecunie
338 3423 538 3509 solveretur,
572 3403 799 3518 delegavit,r
787 3430 939 3503 indebiti
953 3450 1027 3502 enm
1049 3455 1115 3521 eu,
1148 3431 1206 3523 qni

170 3522 351 3614 delegavit,
374 3526 436 3593 erit
456 3519 626 3615 aetio3-
582 3542 716 3600 -tunr
737 3533 825 3601 enim
843 3532 915 3624 ipse
931 3533 1008 3624 plus
1023 3534 1137 3607 debito
1147 3558 1206 3627 ce·

171 3623 260 3712 pisse
281 3623 426 3734 videtur.

253 3758 311 3826 Nil
333 3772 441 3829 antem
462 3766 577 3854 refert,
598 3780 707 3837 utrum
720 3771 789 3838 ab
779 3771 873 3838 mitio
896 3772 972 3862 quia
993 3728 1206 3866 delegaverit,

168 3883 208 3924 an
225 3873 336 3949 postea
349 3888 410 3957 per
422 3868 712 3941 ratihabitionem
696 3897 792 3940 snum
804 3879 970 3964 negotium
986 3876 1204 3944 constitnerit.

166 3961 306 4053 Ergo
276 3987 327 4047 er,
352 3989 371 4031 r
359 3991 459 4084 qno
480 3985 626 4041 ereetum
648 3986 719 4059 est,
739 3978 894 4044 adversus
917 4000 992 4044 eum
1013 3980 1112 4044 datur
1130 4002 1206 4048 eon·

168 4063 288 4147 dictio,
311 4054 369 4155 qui
389 4080 493 4137 retum
517 4075 654 4144 babuit·
644 4102 748 4168 3erg.
775 4079 799 4145 l.
822 4081 856 4145 6.
880 4078 932 4172 55.
944 4083 991 4148 9
1015 4083 1073 4148 19.
1097 4081 1143 4150 D.
1165 4083 1206 4149 de
1242 4130 1246 4145 .

166 4187 240 4255 neg.
265 4182 347 4258 gest.
370 4171 635 4266 (Julianus).-
688 4180 936 4274 Papinianus
924 4206 961 4250 ιιι
984 4182 1010 4253 l.
1023 4185 1096 4255 99.-
1115 4182 1149 4276 5.
1155 4174 1204 4252 5.
