2572 4800
442 378 833 491 ..eto-L

68 626 294 705 praesentem,
328 616 431 682 ueluti
459 636 558 704 quum
580 615 664 681 ideo'
690 613 790 705 dedi,
830 616 918 706 qu'od
948 617 1102 687 beredem

43 741 118 802 ¹me
141 720 186 785 ex'
205 728 394 785 testamento
423 717 507 784 falso
536 717 660 805 putavi.
712 717 779 784 tlte
803 718 847 786 si'
862 730 975 808 postes
1004 730 1100 787 testu·

63 831 208 885 meutom
225 820 342 888 fulsum
360 818 602 911 pronuntietur,
626 819 777 907 repetitio
797 819 984 887 detorsiuc
1004 845 1100 892 conss

66 922 249 988 dotorum..
278 923 331 988 Ob
364 945 434 987 rens
470 945 548 987 vero
577 921 690 1002 aletur,
723 930 760 987 ut
785 921 911 1011 aliquid
932 935 1100 1012 scqunor,

65 1049 131 1114 quo
151 1049 217 1091 nou
241 1035 398 1115 sequente
420 1016 571 1115 repetitio
592 1023 759 1114 competit.
804 1023 904 1090 Coul.
926 1027 951 1093 l.
974 1028 1030 1093 52.
1053 1027 1112 1093 Ι).

62 1128 103 1192 de
124 1127 220 1193 cond.
241 1127 310 1193 ind.
334 1164 378 1180 ··-
427 1128 483 1194 Sic
512 1127 614 1219 igitur
638 1127 786 1193 diseretis
808 1127 935 1212 causis,
964 1153 1005 1194 ex
1026 1131 1099 1220 qni·

64 1227 128 1294 bns
150 1229 300 1318 repetitio
321 1229 494 1320 competit,
525 1228 732 1296 menifestum
762 1240 831 1312 est,
861 1231 896 1297 in
924 1232 1004 1298 duos
1027 1255 1100 1322 spe·

63 1331 131 1395 cies
149 1354 276 1396 omnem
290 1332 529 1400 condictionem
544 1333 669 1400 deduci
678 1355 794 1423 posses
817 1343 874 1398 ant
897 1333 984 1399 enim
1005 1334 1100 1403 sine

61 1456 190 1501 eausa
210 1445 272 1516 est,
295 1447 352 1501 sut
365 1434 566 1526 appellatore
590 1457 717 1502 censs
739 1435 853 1515 dcto,
874 1457 997 1501 eauss
1018 1459 1099 1502 uon

59 1548 222 1620 secuta,
245 1561 329 1626 quse
357 1548 390 1603 et
417 1536 468 1602 ob
490 1558 656 1603 cansam
681 1535 867 1601 dotorum
898 1538 1120 1619 nominatur,-

60 1649 99 1704 ut
121 1638 225 1704 estin
247 1638 377 1703 rubrica
396 1637 483 1704 tituli
504 1636 638 1719 codicis.
661 1673 705 1730 '.'''
718 1637 771 1704 Ex
795 1638 1020 1728 superioribus
1040 1646 1098 1705 au-

58 1752 124 1807 tem
146 1739 353 1806 menifestum
375 1751 444 1822 est,
476 1741 535 1806 bes
550 1739 684 1829 ,species
713 1750 836 1807 tentum
857 1764 928 1807 esse
950 1740 1097 1826 ejusdem

60 1842 298 1926 condictionis,
322 1843 410 1935 qnod
434 1853 466 1909 ct
487 1840 649 1933 Ulpianus
670 1842 705 1907 in
726 1842 751 1906 l.
764 1844 797 1908 l.
821 1852 872 1933 pr.
891 1842 935 1908 D·
957 1843 997 1910 de
1019 1866 1097 1910 con·

59 1943 200 2010 dictione
221 1946 402 2011 sins'caus.
428 1955 573 2010 testetur.
629 1942 688 2006 Ait
712 1941 820 2007 enims
855 1954 931 2024 „est
958 1953 991 2009 et
1016 1945 1096 2011 baec

59 2047 228 2135 speeies
250 2045 487 2126 condictionis,
524 2044 555 2110 si
582 2041 657 2133 quis
691 2042 764 2123 sine
793 2051 889 2109 causo
909 2040 1102 2132 promiserit
1184 2134 1187 2139 1

60 2192 94 2211 ..
112 2147 156 2211 .”.
180 2144 304 2211 Eodem
316 2145 440 2211 iaciunt
461 2154 493 2211 et
503 2145 654 2211 Africani
675 2144 773 2211 verbs
795 2145 829 2210 in
848 2145 873 2210 l.
887 2145 924 2210 d.
936 2144 980 2208 Ι).
997 2144 1093 2226 eod-2

57 2248 135 2333 „nil
156 2249 313 2331 refert,
336 2260 487 2314 utrumne
507 2248 548 2314 ab
570 2246 664 2313 initio
680 2247 751 2314 sine
767 2269 861 2314 causa
883 2246 963 2336 quid
985 2246 1094 2312 dotum

56 2352 120 2432 sit,
148 2374 189 2416 au
222 2374 336 2433 causa,
365 2363 499 2441 propter
532 2373 629 2442 quam
653 2350 762 2417 datum
791 2360 859 2432 est,
896 2360 1005 2417 secute
1026 2372 1094 2416 non

10 2517 14 2530 ,
56 2451 135 2517 sit.'’
179 2451 245 2518 llic
266 2464 372 2518 sutem
394 2476 489 2519 censa
511 2475 577 2518 nou
599 2452 772 2542 praeterita
795 2463 918 2519 tautum
941 2463 1012 2536 est,
1033 2452 1093 2518 sed

55 2564 88 2619 et
110 2553 240 2638 loturo,
276 2579 372 2645 qusm
401 2555 622 2645 sPomponio
654 2578 752 2643 supra
786 2555 904 2637 „rem”
931 2553 1094 2620 nominari

55 2656 208 2723 vidimus.
231 2693 273 2708 -
316 2655 539 2749 Unaquaeque
558 2667 665 2722 autem
690 2657 821 2723 illorum
844 2656 1029 2746 specierum
1044 2665 1093 2739 get

55 2759 311 2825 subdivisionem
342 2759 482 2849 recipit.·
530 2758 709 2848 Praecipua
737 2758 832 2826 enim
858 2759 985 2849 species
1013 2781 1091 2825 eou-

55 2858 208 2924 dictionis
231 2861 302 2926 sine
322 2884 418 2927 causo
441 2859 579 2927 indebiti
599 2859 762 2927 condictio
781 2870 842 2926 est.
888 2859 986 2944 Quod
1002 2859 1091 2925 enim

54 2960 236 3028 indebitum
257 2964 371 3047 datur,
400 2964 473 3031 sine
493 2987 590 3032 cansa
617 2963 760 3031 solutum
782 2963 928 3029 videtur..
966 2961 1009 3028 Et
1029 2982 1091 3052 ego

53 3062 185 3129 illorum
207 3065 399 3131 sententiam
421 3066 525 3154 probo
546 3065 821 3149 existimantium,
850 3064 1089 3133 condictionem

53 3164 192 3230 indebiti
210 3177 284 3232 ente
303 3169 486 3257 generalem
508 3166 596 3234 illam
625 3169 861 3236 condictionem
893 3168 964 3235 siue
993 3183 1090 3233 eausa

52 3267 89 3332 in
112 3289 172 3332 usn
195 3267 319 3352 luisse,
339 3272 486 3360 lrnncque
507 3295 549 3337 ox
569 3271 628 3337 itta
649 3271 742 3361 quasi
766 3294 826 3361 per
847 3268 1087 3360 generalisstio·

51 3393 127 3434 nem
149 3369 318 3436 deductam
352 3384 383 3438 ct
404 3373 594 3441 obstructum
623 3374 738 3440 inisse.
793 3373 842 3440 lto
872 3361 904 3438 et
926 3372 1089 3462 Ulpitutss

52 3473 89 3538 iu
118 3473 143 3539 l.
167 3476 200 3539 l.
234 3473 406 3540 detonso.
436 3475 500 3542 sin.
531 3501 621 3545 esus.
651 3475 724 3541 siue
754 3498 849 3542 cansa
881 3485 913 3541 et
949 3473 1089 3543 indebiti

52 3572 290 3641 condictionem
311 3577 500 3668 conjungite
537 3580 593 3662 „si
623 3578 698 3669 quis
719 3576 909 3647 sinecion
931 3575 1087 3663 promise·
1174 3658 1177 3663 ¹

52 3676 113 3759 rit,
143 3678 197 3744 vel
225 3678 256 3743 si
288 3680 420 3748 solverit
462 3683 537 3772 quis
569 3681 785 3749 indebitum.”
838 3677 935 3761 Quod
959 3688 1086 3745 :antem
1123 3702 1132 3763 ζ

51 3779 124 3844 sino
141 3804 236 3846 eausa
258 3781 399 3847 solutum
422 3794 472 3848 est
483 3829 495 3862 ‚
525 3795 580 3850 aut
609 3784 650 3850 ab
670 3783 766 3849 initio
787 3780 859 3851 siue
877 3798 978 3845 :caussa
995 3778 1087 3845 solu·
1109 3831 1114 3843 .
1170 3802 1173 3809 ’

50 3891 121 3944 ton
139 3892 211 3964 est,
242 3892 300 3947 aot
328 3895 410 3972 quse
443 3885 630 3952 tots-eaoso
657 3896 768 3974 posteo
791 3883 881 3955 finio
904 3891 978 3964 est,
1012 3902 1090 3968 urg-r

48 3982 74 4047 l.
98 3984 131 4046 1.
153 3981 186 4074 §.
208 3984 242 4049 2.
266 3983 309 4050 D.
327 3987 381 4051 ade
403 3987 498 4055 cond}
522 3988 585 4052 sin.
610 4011 699 4052 esus.
751 3977 946 4072 Exemplum
969 4004 1088 4047 esusae

49 4080 290 4176 postepbnitse'
312 4091 413 4169 refert
434 4089 594 4178 Ulpianus
616 4091 648 4154 in
668 4089 695 4157 l.
717 4089 761 4179 24
776 4099 810 4177 t„
825 4111 854 4153 c·
907 4084 1085 4175 Aliud=nn7

46 4187 355 4303 tom*,‚,l1n,q1tn(als
377 4192 471 4264 initio
492 4194 588 4282 null?
611 4192 721 4285 fnisse.
736 4188 1004 4289 qausnffidetun,
1034 4207 1083 4255 ,ex
