2572 4800
538 342 930 440 --50-.

62 565 68 576 ‘
143 562 264 642 genere
291 548 362 616 s'oio
375 564 381 618 ἰ
394 571 469 615 rem
493 546 672 634 judicatam
705 547 834 612 referre·
849 568 948 636 pesse
973 545 1189 614 voluerunt.’'

144 654 212 720 Sed
234 662 374 743 quonam
397 649 624 718 referebatur?
678 649 764 715 Puto
786 649 827 714 ad
848 650 977 738 reliqua
998 650 1062 717 tria
1084 652 1190 717 tribu·

143 755 250 837 uaiia,
273 776 340 820 nou
362 755 403 820 ad
426 753 705 834 decemvirorum,
743 752 802 841 qui
833 752 933 842 primi
951 745 1195 840 judicaverant,
1225 780 1229 787 ·

142 858 332 933 consilinm.
376 848 494 949 Neque
517 846 608 923 deest
636 867 761 922 certum
788 855 1023 923 testimonium.
1067 848 1193 943 Quine-

143 962 279 1031 tiiianus
300 961 390 1027 enim
404 961 445 1026 de
467 960 546 1025 inst.
568 969 659 1024 'orat
677 958 785 1049 ma
812 959 880 1043 „de
905 960 1045 1026 eadem
1070 983 1195 1027 eausa

142 1066 208 1132 bis
230 1054 394 1130 interdum
416 1062 759 1153 pronuntiatum'ease
781 1072 910 1144 narrat,
933 1063 1027 1129 utin
1050 1062 1116 1130 reia
1138 1064 1195 1129 de·

143 1169 287 1257 portatis*
304 1166 603 1233 narratione
626 1164 808 1232 secunda
831 1175 870 1231 et
890 1167 1084 1254 partibus
1107 1165 1195 1235 Cvi·

143 1271 317 1354 raiium‚
338 1286 460 1359 ²quae
494 1270 535 1333 in
560 1267 683 1332 duas·
702 1269 846 1332 hastas
876 1268 1034 1335 divisae
1062 1270 1193 1335 sunt”·.

142 1374 234 1440 idem
256 1373 335 1440 libr.
358 1371 422 1438 Xb
445 1373 478 1437 1.
502 1373 558 1436 78.
596 1382 628 1436 et
657 1370 698 1434 de
727 1370 909 1437 assertione
942 1370 1085 1437 secunde
1106 1373 1195 1462 apud

142 1477 226 1545 ulios
241 1477 374 1564 judiees
394 1486 427 1541 ct
448 1475 489 1540 de
511 1473 698 1541 Cviralibus
716 1474 855 1561 judiciis
878 1474 1067 1564 duplicibus
1087 1475 1194 1565 loqui·

26 1578 35 1625 ·'
144 1590 212 1646 tur.
248 1579 350 1646 ¹Hace
373 1600 452 1647 vero
475 1576 612 1642 assertio
634 1576 684 1641 nil
713 1576 804 1642 aliud
829 1587 879 1642 est
899 1600 997 1666 quam
1017 1577 1195 1644 vindicatio

143 1681 179 1748 in
210 1681 415 1762 libertatem,
446 1678 505 1744 ubi
526 1679 634 1768 primu
656 1692 818 1744 assertore
848 1679 944 1744 etiam
968 1680 1079 1766 victo,
1111 1683 1193 1748 libe-

148 1804 223 1849 rum
247 1782 433 1865 est'aiteri,
449 1782 578 1846 iterum
603 1792 732 1846 causam
754 1775 1055 1870 agere'liberalem.
1101 1783 1195 1868 Quae

143 1911 223 1952 vero
248 1887 391 1952 secunda
423 1885 529 1967 aetio,
563 1883 788 1968 Quinctiliano
814 1895 968 1968 auctore,
997 1884 1085 1975 apud
1110 1885 1192 1952 alios

138 1989 272 2077 judices
293 1982 486 2079 intenditur.
534 1985 599 2053 Sed
629 1987 717 2076 apud
750 1983 937 2077 quosnam?
979 1988 1193 2079 Respondeo,

144 2088 233 2183 iapud
254 2094 432 2160 secundam
461 2092 551 2159 illam
578 2083 743 2175 bustam,
773 2114 857 2180 qnae
885 2090 991 2158 tribus
1019 2092 1088 2158 illis
1116 2093 1192 2159 reli·

143 2198 220 2287 quis
246 2196 395 2262 consiliis
421 2194 600 2261 constabat.
1169 2219 1172 2225 ¹

230 2300 298 2366 Sed
328 2299 405 2389 quia
432 2298 473 2363 dc
506 2298 578 2386 ipsa
609 2297 737 2388 origine
773 2295 913 2382 Cviralis
939 2296 1061 2384 judieii
1092 2320 1190 2386 supra

141 2403 298 2486 tractavi,
320 2401 601 2490 operaepretium
626 2402 701 2483 erit,
727 2398 896 2465 historiam
928 2399 1084 2486 ejusdem
1101 2399 1191 2487 judi·

143 2507 187 2573 cii
205 2505 378 2596 persequi,
405 2515 446 2599 eta*
460 2515 497 2569 ut
516 2504 664 2593 paullum
687 2504 787 2569 fuerit
807 2504 1032 2593 immutatum,
1055 2504 1191 2595 quibus·

37 2666 40 2671 .
144 2606 210 2701 q'ue
233 2628 274 2675 ex
295 2609 425 2691 causis,
451 2608 630 2674 illustrare.

170 2750 174 2757 ·
228 2712 311 2778 Post
331 2733 424 2800 reges
446 2732 525 2776 vero
557 2719 688 2775 exactos
718 2733 794 2775 eum
823 2710 945 2777 scimus
975 2709 1080 2777 fuisse
1110 2723 1190 2778 tem·

143 2838 261 2905 porum
282 2825 440 2898 tractum,
464 2823 501 2878 ut
522 2811 555 2878 in
580 2813 650 2878 dies
674 2824 834 2879 cresceret
855 2813 963 2903 plebis
986 2814 1135 2898 libertus,
1159 2825 1192 2879 ct

143 2929 318 3008 augeretur
339 2918 412 3004 ejus
444 2916 480 2982 in
502 2917 673 3006 republica
701 2916 752 2982 vis
781 2926 880 3005 atque
909 2927 1064 3005 potestas.
1116 2916 1191 2984 Jarn

143 3045 245 3112 quum
279 3045 318 3088 ee
356 3031 549 3108 perventum
582 3031 689 3104 esset,
725 3030 761 3084 ut
788 3020 877 3115 qnod
912 3019 1007 3108 plebs
1041 3020 1191 3085 tributim

137 3123 310 3209 jussisset,
333 3122 368 3188 id
390 3123 551 3212 populum
571 3132 712 3205 teneret,
735 3133 805 3189 tum
827 3121 1012 3189 ethiralis
1029 3147 1079 3189 ex·
1091 3123 1191 3213 plebe

27 3238 30 3245 '
142 3225 275 3291 oriundi
303 3226 425 3312 judicii
455 3224 678 3292 auctoritatem
713 3237 746 3291 et
768 3226 1025 3316 magnitudinem
1052 3226 1088 3292 in
1119 3227 1190 3294 dies

142 3329 268 3414 majora
288 3328 491 3395 incrementa
508 3330 650 3419 cepisse,
672 3333 884 3395 nemo'sanus
906 3329 1055 3395 dubitare
1067 3339 1188 3419 potest.

25 3456 27 3461 ⁴
140 3431 188 3497 lta
211 3429 283 3496 sine
304 3432 378 3520 lege
399 3420 534 3516 factum,
560 3444 685 3498 utnon
707 3432 813 3497 solum
836 3432 976 3521 plebeji,
1002 3433 1061 3499 scd
1076 3455 1189 3499 omnes

141 3533 275 3598 omnino
305 3534 394 3600 cives
430 3534 508 3602 huie
540 3535 668 3621 judicio
700 3536 938 3602 controversias
970 3559 1047 3601 suas
1069 3536 1189 3623 dijudi-

140 3635 258 3701 candas
282 3637 467 3722 traderent,
499 3637 544 3703 ita
567 3650 602 3704 ut
623 3663 664 3703 ex
686 3638 795 3728 plebis
813 3638 942 3725 jndicio
964 3640 1082 3729 populi
1099 3640 1189 3726 judi·
1270 3628 1273 3638 i

140 3738 228 3806 cium
249 3738 353 3806 tieret.
377 3779 421 3791 -—
452 3741 492 3807 ln
516 3765 556 3807 eo
577 3753 685 3808 tamen
714 3743 764 3808 nil
792 3742 1016 3825 immutatum,
1040 3741 1130 3832 quod
1159 3750 1191 3807 et

140 3853 254 3932 postea
287 3865 418 3932 semper
448 3844 634 3911 actionibus
670 3847 706 3913 in
740 3869 809 3912 rem
848 3847 947 3911 etde
975 3867 1190 3936 personarum

33 3976 43 3994 ·
140 3955 225 4011 statu
250 3956 377 4010 tuntum
400 3948 545 4013 vacabat.
590 3951 675 4015 ltem
707 3947 791 4037 legis
812 3948 897 4013 actio
918 3972 980 4039 per
1009 3971 1190 4014 sacramen·

140 4057 208 4112 tum
232 4048 269 4113 in
289 4050 353 4116 hoe
370 4049 501 4136 judicio
530 4075 661 4144 semper
691 4052 946 4136 observabatur,
982 4075 1092 4141 neque
1125 4052 1190 4117 alio

139 4144 206 4241 qud
227 4146 324 4220 modo
347 4153 442 4242 >apud
471 4154 591 4225 Cviros
621 4157 745 4248 litigari
778 4178 876 4245 posse
912 4153 1117 4222 credebatur.
1149 4190 1190 4206 -·
1264 4156 1280 4209 Ι
