2572 4800
550 402 736 480 ...294
785 446 832 462 .-

259 617 291 680 3.
330 611 442 677 Tertia
476 604 688 673 dubitationis
718 604 844 692 species
879 604 983 671 oritur
1015 627 1057 669 ex
1089 604 1215 693 negotii

175 715 286 804 coepti
326 714 449 781 incerto
490 720 620 776 eventu.
687 700 876 772 Videamus
899 729 1011 788 nuuc,
1048 707 1215 796 quomodo

175 817 326 905 excrupla
347 816 407 880 hae
439 813 479 877 dc
509 835 556 882 re
576 808 765 898 proposita,
799 809 1032 895 dijudicentur.
1082 810 1121 875 In
1138 857 1139 860 ,
1158 810 1216 876 itta

128 925 130 928 ⁴
178 918 279 1007 igitur
299 915 408 1004 speeie
429 914 470 978 ab
491 913 648 978 At'riesno
670 911 850 1000 proposita,
874 911 908 976 iu
929 934 994 1001 qua
1015 913 1055 978 P.
1078 912 1123 978 V.
1147 913 1215 1003 sgi-

175 1032 246 1101 tur,
270 1019 346 1108 qnia
367 1017 525 1083 incertum
548 1027 598 1080 est
617 1026 763 1102 tempore
783 1014 940 1096 aetionis,
962 1038 1040 1080 num
1062 1015 1146 1105 quid
1166 1015 1215 1079 nl·

175 1135 226 1191 trs
247 1121 415 1188 semissem
438 1117 720 1208 consequutus-sit
741 1114 973 1205 Sempronius,
1006 1118 1214 1182 manifestum

84 1264 87 1274 ·
175 1237 250 1306 est,
283 1234 338 1289 aut
366 1223 559 1287 minusaut
585 1221 662 1311 plus
693 1230 930 1309 consequutum
960 1242 1033 1284 esse
1063 1218 1215 1309 Sempro-
1278 1218 1282 1229 ¹

177 1328 289 1411 nium3
326 1324 432 1413 primo
454 1322 555 1413 igitur
584 1347 660 1389 essu
685 1322 725 1388 P.
749 1321 793 1388 V.
814 1321 899 1387 aetio
930 1321 964 1386 in
995 1321 1138 1387 mandati
1169 1323 1216 1388 lo·

177 1451 253 1493 cum
274 1425 471 1493 successisse
493 1425 639 1509 videtur,
660 1447 768 1514 neque
790 1424 880 1489 aliud
903 1423 985 1514 quid
1006 1424 1217 1514 persequitur

176 1552 275 1618 quam
298 1529 367 1619 ipsa
387 1528 528 1594 mandati
549 1525 646 1593 aetio.
693 1525 845 1592 Secundo
866 1531 1081 1607 autemeam,
1105 1549 1217 1614 quam·

176 1632 228 1698 vis
249 1630 390 1695 mandati
415 1631 498 1695 fines
526 1629 697 1696 rideantur
724 1628 872 1710 excessi,
908 1639 1014 1694 tamen
1036 1629 1217 1694 secundum

177 1734 318 1800 mandati
339 1731 468 1820 regulas
490 1730 689 1817 dijudicatur
714 1730 778 1795 lroe
798 1729 990 1819 negotium,
1025 1731 1218 1819 praesertim

178 1835 268 1924 quod
292 1835 388 1898 sortis
407 1833 594 1921 petitionem
623 1832 759 1912 attinet;
792 1842 824 1896 et
846 1833 919 1898 ideo
951 1834 981 1898 si
1003 1831 1217 1922 Sempronius

179 1959 248 2001 eam
265 1936 437 2024 pecuniam
460 1936 532 2001 siue
548 1934 624 2000 dolo
648 1933 734 1999 mulo
755 1957 886 1999 vacuam
910 1936 1043 2018 habuit,
1065 1936 1120 2002 rel
1142 1935 1218 2001 smi-

178 2038 245 2119 sit,
267 2036 439 2103 dicendum
462 2047 535 2120 cst,
569 2036 619 2102 nil
652 2059 726 2102 eum
753 2059 792 2101 eo
815 2040 948 2104 nominc
970 2052 1136 2128 praestare
1163 2038 1217 2103 de·

179 2140 271 2226 lrerc3
294 2140 382 2229 quod
402 2164 468 2205 non
481 2163 521 2206 ex
533 2138 654 2205 eredita
667 2137 818 2227 pecunia,
831 2140 887 2205 sed
901 2164 941 2205 ex
955 2142 1097 2206 mandati
1110 2140 1219 2231 potius

179 2266 275 2308 eausa
297 2254 330 2307 et
346 2243 421 2329 jure
440 2256 580 2308 sumtum
604 2242 751 2329 videtum
772 2266 842 2333 arg.
866 2243 960 2309 LPAE.
986 2242 1032 2308 D.
1050 2244 1158 2333 'dc'P.
1174 2242 1217 2308 V.

263 2343 380 2427 Nunc,
411 2345 549 2409 eundem
580 2368 677 2433 quern
704 2369 802 2435 supra
828 2345 955 2410 institui
982 2346 1131 2411 ordinem
1167 2370 1219 2412 se·

180 2469 305 2536 quens,
328 2459 456 2513 transeo
478 2448 518 2512 ad
540 2447 623 2513 ‘illos
644 2470 760 2531 casus,
795 2448 995 2537 inquibus,
1035 2472 1135 2538 quum
1155 2472 1218 2537 pro

179 2562 269 2616 certo
290 2552 414 2640 aliquid
437 2550 602 2616 nominato
623 2551 802 2624 contractui
825 2551 938 2617 deesse
958 2551 1143 2632 rideretur,
1164 2573 1219 2616 ve·

63 2704 68 2715 .
181 2651 250 2716 rius
287 2676 381 2734 esse,
412 2653 451 2716 P.
475 2652 518 2718 V.
550 2675 645 2741 agere
677 2651 906 2738 demonstravi.
966 2654 1005 2719 Iu
1035 2654 1088 2720 tris
1121 2654 1220 2742 igitur

180 2754 311 2819 casibus
335 2755 425 2844 ipsa,
456 2777 541 2845 quae
570 2756 655 2819 inter
684 2778 740 2819 eos
765 2765 798 2820 ct
829 2757 1011 2823 nominatos
1034 2766 1219 2822 contractus

181 2854 374 2938 intercedit,
414 2856 594 2922 differentia
624 2856 856 2946 impedimento
885 2870 954 2941 eat,
995 2882 1038 2924 ne
1068 2860 1219 2948 protinus
1275 2852 1277 2859 ’

72 2975 75 2983 ·
147 2950 151 2977 ³
180 2959 418 3024 nominatorum
452 2971 673 3025 contractuum
704 2961 837 3050 regulae
866 2960 907 3026 ad
935 2984 993 3028 eos
1020 2963 1218 3027 transferan-

181 3071 247 3126 tur.
313 3061 357 3125 Εἰ
391 3062 465 3126 ideo
495 3062 528 3127 iu
561 3063 622 3127 lroe
653 3087 772 3151 genere
801 3063 1083 3149 ajuriseonsultis
1119 3088 1218 3130 roma·

180 3164 233 3228 nis
263 3186 300 3227 ea
327 3164 446 3252 potius,
465 3165 546 3228 ratio
569 3163 773 3248 instituitur,
807 3177 843 3230 ut
864 3190 905 3231 ex
925 3165 1029 3256 ipsis,
1060 3191 1146 3257 quae
1167 3190 1219 3257 ge·

181 3274 229 3327 sta
262 3277 359 3347 sunt,
388 3266 478 3331 reiut
510 3267 658 3354 proprias
686 3266 926 3358 jurisregulas
957 3271 1150 3352 detrahant,
1189 3281 1220 3336 ct

181 3387 221 3429 ex
243 3366 295 3431 nis
324 3367 431 3454 ipsis,
464 3369 544 3456 quid
571 3362 605 3433 iu
629 3367 668 3433 P.
692 3367 735 3432 V.
758 3370 917 3436 actionem
937 3372 1067 3455 veniat,
1103 3372 1218 3459 dijudi-

180 3480 267 3533 cent.
312 3468 508 3557 Exemplum
529 3482 636 3537 autem
658 3472 800 3560 primum
822 3474 907 3538 actio
926 3474 967 3538 P.
992 3473 1052 3553 V.,
1075 3498 1159 3564 qnae
1181 3475 1220 3538 de

180 3571 417 3659 permutatione
445 3575 620 3661 competit,
649 3574 795 3663 praehet.
859 3576 1014 3659 Quemvis
1040 3577 1128 3641 enim
1150 3599 1219 3664 per·

181 3674 314 3738 mutatio
336 3674 470 3739 emtioni
492 3677 674 3742 venditioni
696 3698 827 3766 semper
847 3691 1075 3768 comparetur,
1115 3689 1220 3744 tamen

180 3773 304 3867 Paulus
326 3776 360 3842 in
383 3777 478 3841 titulo
501 3778 699 3867 digestorum
724 3783 764 3847 dc
790 3806 896 3845 rerum
919 3781 1223 3871 permutationem

180 3875 286 3964 ipsius
316 3881 563 3965 permutationis
593 3896 706 3948 natura
729 3885 868 3973 quaein
891 3883 930 3948 P.
952 3883 1150 3977 V.ss·ctione
1172 3906 1222 3949 ve·

180 3977 272 4042 uiant
292 3981 465 4046 exaurinat.
526 3983 611 4067 Quia
641 3985 742 4075 igitur
767 3987 964 4074 permutatio
985 4009 1026 4051 cx
1050 4010 1087 4051 re
1110 3985 1224 4051 tradita

114 4129 119 4151 ,
179 4075 308 4142 initium
335 4081 441 4165 capit,
468 4082 496 4146 si
519 4086 598 4152 haec
624 4110 676 4151 res
696 4088 850 4153 tradentis
872 4113 939 4154 non
962 4089 1024 4169 sit,
1060 4089 1224 4178 sequitur,

180 4173 221 4239 P.
244 4177 288 4241 V.
311 4179 448 4246 alterum
470 4206 566 4272 agere
586 4210 696 4277 posse.
740 4188 916 4256 Venditori
936 4215 1013 4257 vero
1037 4192 1164 4258 sufficit
1184 4190 1226 4257 ob
