2572 4800
366 438 368 442 ,
501 347 784 429 *aos-

130 547 323 613 evictionem
342 569 413 613 sese
433 547 757 639 obligarmitaque,
778 553 807 624 ai
826 553 930 623 evicta
949 559 1169 642 saansaan,

129 649 179 716 nil
201 650 309 715 debet.
352 649 476 732 Porro,
509 650 537 715 si
562 674 593 717 e.
616 675 648 740 g.
682 654 831 742 seyplaos'
853 654 912 720 tibi
940 655 1015 721 dedi
1046 657 1168 731 ursti-

128 754 225 817 chum
256 751 336 817 miti
365 751 482 832 dares,
516 751 764 841 periculo-meo
788 755 940 823 Stichum
969 760 1112 829 csse-oti
1129 772 1160 829 te
1240 770 1243 775 '

128 854 285 919 duntaxat
305 855 433 943 eulpam
459 866 645 943 praestare,
670 857 753 923 idam
780 856 901 924 Paulus
922 861 955 925 in
980 862 1010 927 1.·
1026 863 1060 927 5.
1085 862 1166 954 Μ
1265 887 1267 891 ’

128 954 172 1019 D.
199 956 241 1021 de
263 955 303 1020 P.
326 954 370 1020 V.
402 956 508 1023 docet.
535 956 664 1040 J'Qnod
696 969 727 1022 et
757 958 789 1047 in
812 961 952 1028 emtione
981 967 1168 1035 venditione

127 1058 235 1124 locum
264 1057 385 1123 habere
409 1061 653 1144 conante-‚sed
685 1072 789 1133 tamen
818 1062 879 1133 troc
909 1088 976 1130 raon
1012 1090 1057 1135 cx.
1082 1079 1167 1139 emto

126 1161 259 1237 vendito
275 1159 316 1227 ad
337 1161 606 1249 permutationem
634 1161 997 1250 translatumaidetnr,
1029 1171 1088 1237 sed
1109 1194 1164 1260 po-

130 1264 195 1328 tius
215 1288 269 1330 ex
304 1263 375 1352 ipsa
399 1262 647 1353 permutationis
683 1275 797 1331 ostana
829 1266 1008 1335 deseendit.
1071 1270 1167 1344 Unde

127 1365 334 1432 manifestum
357 1376 428 1447 eat,
450 1367 478 1431 si
502 1364 676 1433 emtionem
696 1366 1070 1453 venditionemsimiiem
1094 1394 1168 1441 ease

127 1468 374 1557 permutationis
396 1468 516 1533 dietum
540 1467 768 1549 inveniamus,
788 1469 876 1541 sicut
896 1471 930 1536 in
952 1473 976 1539 Ι.
999 1458 1034 1537 P.
1057 1473 1101 1537 Ι).
1121 1475 1167 1557 de

126 1594 191 1661 rer.
215 1594 318 1659 parm.
344 1582 376 1636 et
397 1570 432 1634 ia
454 1570 479 1636 Ι.
503 1570 536 1634 5.
570 1567 601 1661 5.
624 1571 660 1637 4.
689 1571 724 1636 in
746 1573 805 1639 tin.
827 1572 872 1639 D.
905 1574 946 1640 de
966 1575 1007 1641 P.
1030 1575 1098 1659 V.,
1130 1578 1166 1647 id

125 1697 215 1754 uon,
243 1685 279 1740 ut
302 1673 335 1737 in
362 1672 486 1761 primae
507 1690 640 1750 caenum
671 1663 780 1762 speeie
801 1698 841 1749 co
862 1660 972 1742 animo
985 1712 988 1718 ·
1001 1677 1092 1760 fleri,
1130 1689 1166 1755 nt

125 1796 167 1842 ex
188 1776 280 1844 iliius
298 1786 481 1842 contractus
508 1777 632 1866 regulis
653 1776 825 1864 regendam
856 1803 929 1845 esse
957 1781 1164 1869 permutatio·

125 1905 200 1946 nem
223 1880 406 1961 indicetur,
428 1878 486 1945 sed
508 1903 546 1945 eo
569 1880 693 1967 potius,
716 1881 794 1968 quia
815 1882 1012 1969 praecedens
1036 1908 1164 1972 pernam

123 1983 256 2049 tationis
277 1983 471 2048 examinatio
493 1980 677 2069 regularum
704 1979 953 2049 similitudinem
971 1985 1041 2071 jam
1072 1972 1162 2065 exhi.

123 2085 208 2149 buit.
255 2084 352 2168 Quod
374 2083 459 2149 idem
483 2096 516 2149 et
537 2083 570 2148 in
588 2083 661 2149 aliis
681 2083 993 2157 casibos'obseavari
1016 2086 1104 2152 lieet.
1122 2129 1163 2163 φ

123 2179 173 2252 lta
194 2187 229 2252 in
251 2185 377 2252 actione
400 2185 438 2250 P.
462 2185 505 2250 V.
527 2186 760 2269 aestimatoria,
783 2213 866 2276 quae
890 2189 1086 2278 proponitur
1105 2190 1164 2255 dn·

124 2288 290 2354 bitationis
320 2288 441 2377 gratia,
475 2299 582 2359 utrum
614 2313 654 2355 ex
683 2290 815 2356 vendito
844 2291 891 2356 sit'
914 2292 998 2358 aetio
1029 2303 1164 2381 propter

124 2391 408 2473 aestimationem,
441 2415 481 2457 an
515 2416 556 2458 ex
576 2392 703 2474 locato,
739 2393 833 2482 quasi
864 2417 932 2459 rem
962 2396 1163 2463 vendendam
1200 2384 1216 2475 J

123 2497 248 2560 locasse
270 2492 403 2574 ridear,
431 2517 472 2558 an
500 2518 540 2561 aa
572 2496 758 2576 conducto,
789 2495 883 2585 quasi
905 2512 1020 2584 operas
1041 2498 1162 2563 condu-

121 2597 264 2674 -xissem,
286 2617 327 2659 an
345 2594 509 2676 mandati,
530 2635 574 2648 -
603 2597 784 2664 aestimatio
812 2598 995 2686 perieulum
1024 2598 1096 2684 ejus
1118 2602 1163 2667 ia

122 2725 196 2767 eere
218 2700 360 2780 dieitur,
392 2686 450 2788 qui
478 2699 644 2787 suscepit,
678 2700 720 2765 ita
744 2712 780 2764 ut
804 2712 867 2770 aut.
890 2702 992 2790 ipsam
1013 2725 1080 2767 rem
1106 2702 1162 2771 ata·

122 2805 197 2870 beat
244 2803 466 2890 incorruptam
510 2801 646 2867 reddere
686 2815 742 2866 aut
774 2788 1068 2889 aestimationem,¹
1089 2831 1159 2895 arg.

121 2905 146 2970 l.
170 2907 202 2975 1.
228 2902 260 2996 5.
285 2904 385 2969 nl).
411 2905 451 2971 de
470 2902 628 2973 aestimat.
647 2943 691 2956 -
733 2904 850 2996 Neque
871 2907 1099 2994 perturbemur
1121 2933 1160 2974 eo

122 3008 211 3099 quod
231 3007 350 3072 multos
369 3008 534 3073 secundae
555 3008 677 3096 speciei
695 3032 787 3072 casus
812 3008 1007 3091 invenimus,
1031 3010 1065 3074 in
1088 3010 1159 3098 qui·

120 3113 183 3176 laus
204 3112 244 3175 P.
266 3111 311 3174 V.
333 3111 440 3189 aetio,
470 3110 561 3174 nulia
582 3111 711 3198 praevia
735 3112 986 3201 comparatione,
1014 3112 1159 3177 nomina·
1239 3191 1246 3203 ι

119 3227 171 3278 tae
206 3213 333 3308 cuidam
363 3215 482 3279 actioni
519 3214 637 3278 similis
669 3213 801 3279 dicitur.
865 3213 1077 3280 Manifestum
1110 3226 1161 3278 est
1259 3290 1262 3295 .

121 3315 227 3395 eninr,
249 3317 396 3405 quamvis
414 3316 594 3404 certissima
615 3316 658 3380 sit
682 3340 814 3382 casuum
840 3317 997 3406 quaedam
1014 3316 1159 3383 dissimi·

119 3418 245 3499 litodo‚
284 3428 403 3482 tantam
433 3429 537 3484 tamen
573 3429 739 3507 praeterea
773 3440 870 3507 posse
902 3417 1042 3484 existere
1074 3418 1161 3484 inter

120 3519 208 3608 ipsas
229 3518 498 3603 similitudinem,
521 3530 558 3583 nt
579 3518 629 3584 nil
649 3520 778 3586 obstare
800 3521 960 3604 videatur,
983 3521 1158 3609 qrrominus

118 3635 152 3688 et
162 3622 391 3711 liujusapeciei
406 3647 499 3688 casus
510 3623 1026 3690 exrmrninatorumcontractuum
1036 3621 1158 3712 regulis

118 3738 284 3814 regantur.
331 3726 486 3807 Quamvis
509 3726 595 3790 enim
618 3751 712 3793 casus
736 3727 812 3806 itte,
850 3726 882 3790 in
907 3748 973 3814 quo
996 3726 1086 3819 pacti.
1105 3751 1157 3790 su·

119 3854 205 3910 mua,
235 3838 270 3891 ut
292 3839 326 3891 tu
349 3851 366 3891 a
388 3852 460 3893 meo
480 3829 628 3895 debitore
649 3829 864 3917 Carthagine,
891 3851 990 3917 egos
1014 3840 1069 3893 too
1091 3826 1156 3892 Ro·

118 3956 189 3997 mae
228 3932 415 4019 exigerem,
450 3932 478 3996 si
523 3944 557 3997 tu
595 3935 670 4022 pius
708 3926 803 4020 qoam
834 3953 895 4020 ego
932 3929 1157 4016 inexigendo

118 4034 331 4121 impendisti,
366 4035 629 4102 manifestissime
660 4035 800 4100 mandati
832 4036 915 4100 tinea
950 4033 1156 4123 egrediatur:

117 4147 224 4202 maren
247 4136 286 4201 P.
311 4136 353 4202 V.
377 4137 479 4217 actio,
502 4161 585 4228 quac
610 4137 645 4204 in
664 4140 727 4204 hae
748 4137 857 4226 speeie
878 4136 1046 4227 competit,
1070 4159 1157 4202 man·
