<?xml version="1.0" encoding="UTF-8"?>
<!DOCTYPE html PUBLIC "-//W3C//DTD XHTML 1.0 Transitional//EN"
    "http://www.w3.org/TR/xhtml1/DTD/xhtml1-transitional.dtd">
<html xmlns="http://www.w3.org/1999/xhtml" xml:lang="en" lang="en">
 <head>
  <title>
</title>
<meta http-equiv="Content-Type" content="text/html;charset=utf-8" />
  <meta name='ocr-system' content='tesseract 3.04.00' />
  <meta name='ocr-capabilities' content='ocr_page ocr_carea ocr_par ocr_line ocrx_word'/>
</head>
<body>
  <div class='ocr_page' id='page_1' title='image "./deromanorumjudi00bachgoog_0315.png"; bbox 0 0 2572 4800; ppageno 0'>
   <div class='ocr_carea' id='block_1_1' title="bbox 573 405 870 494">
    <p class='ocr_par' dir='ltr' id='par_1_1' title="bbox 573 346 1019 528">
     <span class='ocr_line' id='line_1_1' title="bbox 573 405 870 494; baseline -0.011 -1"><span class='ocrx_word' id='word_1_1' title='bbox 573 405 870 494; x_wconf 77' lang='lat' dir='ltr'>.-ato-</span> 
     </span>
    </p>
   </div>
   <div class='ocr_carea' id='block_1_2' title="bbox 155 609 1268 4303">
    <p class='ocr_par' dir='ltr' id='par_1_2' title="bbox 155 609 1268 4303">
     <span class='ocr_line' id='line_1_2' title="bbox 213 609 1245 702; baseline 0.001 -23"><span class='ocrx_word' id='word_1_2' title='bbox 213 614 304 680; x_wconf 83' lang='lat' dir='ltr'>nulia</span> <span class='ocrx_word' id='word_1_3' title='bbox 327 612 549 694; x_wconf 67' lang='lat' dir='ltr'><strong>intervenerit,</strong></span> <span class='ocrx_word' id='word_1_4' title='bbox 571 635 613 677; x_wconf 92' lang='lat' dir='ltr'>ne</span> <span class='ocrx_word' id='word_1_5' title='bbox 634 609 797 675; x_wconf 84' lang='lat' dir='ltr'>levissima</span> <span class='ocrx_word' id='word_1_6' title='bbox 821 610 1116 702; x_wconf 82' lang='lat' dir='ltr'>quidem,.&#39;domini</span> <span class='ocrx_word' id='word_1_7' title='bbox 1137 612 1245 702; x_wconf 83' lang='lat' dir='ltr'>eulpa.</span> 
     </span>
     <span class='ocr_line' id='line_1_3' title="bbox 212 714 1268 806; baseline -0.003 -23"><span class='ocrx_word' id='word_1_8' title='bbox 212 717 250 783; x_wconf 91' lang='lat' dir='ltr'>Si</span> <span class='ocrx_word' id='word_1_9' title='bbox 271 729 382 782; x_wconf 84' lang='lat' dir='ltr'>tamen</span> <span class='ocrx_word' id='word_1_10' title='bbox 397 717 468 806; x_wconf 91' lang='lat' dir='ltr'>ipsa</span> <span class='ocrx_word' id='word_1_11' title='bbox 492 714 702 780; x_wconf 73' lang='lat' dir='ltr'>manumissio</span> <span class='ocrx_word' id='word_1_12' title='bbox 725 715 926 780; x_wconf 69' lang='lat' dir='ltr'><strong>occasionem</strong></span> <span class='ocrx_word' id='word_1_13' title='bbox 958 717 1114 806; x_wconf 88' lang='lat' dir='ltr'>praebuit</span> <span class='ocrx_word' id='word_1_14' title='bbox 1137 717 1246 798; x_wconf 88' lang='lat' dir='ltr'>morti,</span> <span class='ocrx_word' id='word_1_15' title='bbox 1265 776 1268 780; x_wconf 84' lang='lat'>.</span> 
     </span>
     <span class='ocr_line' id='line_1_4' title="bbox 210 816 1244 908; baseline 0 -23"><span class='ocrx_word' id='word_1_16' title='bbox 210 820 313 885; x_wconf 80' lang='lat' dir='ltr'>veluti</span> <span class='ocrx_word' id='word_1_17' title='bbox 335 843 469 902; x_wconf 69' lang='lat' dir='ltr'>wreus,</span> <span class='ocrx_word' id='word_1_18' title='bbox 504 816 773 902; x_wconf 74' lang='lat' dir='ltr'>manumissionis</span> <span class='ocrx_word' id='word_1_19' title='bbox 796 842 890 884; x_wconf 88' lang='lat' dir='ltr'>causa</span> <span class='ocrx_word' id='word_1_20' title='bbox 920 835 992 884; x_wconf 86' lang='lat' dir='ltr'>cnm</span> <span class='ocrx_word' id='word_1_21' title='bbox 1016 819 1150 885; x_wconf 82' lang='lat' dir='ltr'>domino</span> <span class='ocrx_word' id='word_1_22' title='bbox 1174 843 1244 908; x_wconf 90' lang='lat' dir='ltr'>pro·</span> 
     </span>
     <span class='ocr_line' id='line_1_5' title="bbox 210 920 1245 1010; baseline 0.002 -24"><span class='ocrx_word' id='word_1_23' title='bbox 210 922 318 989; x_wconf 78' lang='lat' dir='ltr'>iectus</span> <span class='ocrx_word' id='word_1_24' title='bbox 336 923 378 988; x_wconf 87' lang='lat' dir='ltr'>ad</span> <span class='ocrx_word' id='word_1_25' title='bbox 400 920 607 1010; x_wconf 81' lang='lat' dir='ltr'>praesidem,</span> <span class='ocrx_word' id='word_1_26' title='bbox 636 944 654 985; x_wconf 90' lang='lat' dir='ltr'>a</span> <span class='ocrx_word' id='word_1_27' title='bbox 677 920 857 986; x_wconf 81' lang='lat' dir='ltr'>latronibus</span> <span class='ocrx_word' id='word_1_28' title='bbox 886 922 1165 1003; x_wconf 53' lang='lat' dir='ltr'>sit-:interfectum</span> <span class='ocrx_word' id='word_1_29' title='bbox 1195 922 1245 989; x_wconf 86' lang='lat' dir='ltr'>vel</span> 
     </span>
     <span class='ocr_line' id='line_1_6' title="bbox 210 1023 1245 1112; baseline 0.003 -24"><span class='ocrx_word' id='word_1_30' title='bbox 210 1024 309 1098; x_wconf 86' lang='lat' dir='ltr'>ruina</span> <span class='ocrx_word' id='word_1_31' title='bbox 325 1025 362 1090; x_wconf 90' lang='lat' dir='ltr'>in</span> <span class='ocrx_word' id='word_1_32' title='bbox 383 1024 511 1089; x_wconf 83' lang='lat' dir='ltr'>stabulo</span> <span class='ocrx_word' id='word_1_33' title='bbox 533 1046 730 1112; x_wconf 83' lang='lat' dir='ltr'>oppressus,</span> <span class='ocrx_word' id='word_1_34' title='bbox 751 1023 805 1088; x_wconf 85' lang='lat' dir='ltr'>vcl</span> <span class='ocrx_word' id='word_1_35' title='bbox 826 1023 1164 1104; x_wconf 83' lang='lat' dir='ltr'>vehiculoobtritus,</span> <span class='ocrx_word' id='word_1_36' title='bbox 1194 1024 1245 1107; x_wconf 76' lang='lat' dir='ltr'>rei</span> 
     </span>
     <span class='ocr_line' id='line_1_7' title="bbox 211 1125 1244 1214; baseline 0.003 -24"><span class='ocrx_word' id='word_1_37' title='bbox 211 1125 323 1214; x_wconf 85' lang='lat' dir='ltr'>aliquo</span> <span class='ocrx_word' id='word_1_38' title='bbox 355 1126 474 1208; x_wconf 85' lang='lat' dir='ltr'>modo,</span> <span class='ocrx_word' id='word_1_39' title='bbox 504 1149 570 1214; x_wconf 92' lang='lat' dir='ltr'>quo</span> <span class='ocrx_word' id='word_1_40' title='bbox 599 1148 665 1190; x_wconf 81' lang='lat' dir='ltr'>aon</span> <span class='ocrx_word' id='word_1_41' title='bbox 687 1125 851 1213; x_wconf 77' lang='lat' dir='ltr'>perisset,</span> <span class='ocrx_word' id='word_1_42' title='bbox 880 1128 948 1192; x_wconf 84' lang='lat' dir='ltr'>nisi</span> <span class='ocrx_word' id='word_1_43' title='bbox 981 1128 1244 1193; x_wconf 70' lang='lat' dir='ltr'>manumissionis</span> 
     </span>
     <span class='ocr_line' id='line_1_8' title="bbox 209 1228 1244 1316; baseline 0.002 -22"><span class='ocrx_word' id='word_1_44' title='bbox 209 1251 306 1295; x_wconf 87' lang='lat' dir='ltr'>caasa</span> <span class='ocrx_word' id='word_1_45' title='bbox 328 1228 611 1316; x_wconf 81' lang='lat' dir='ltr'>proficisceretur·</span> <span class='ocrx_word' id='word_1_46' title='bbox 644 1229 851 1293; x_wconf 82' lang='lat' dir='ltr'>nmoiicstum</span> <span class='ocrx_word' id='word_1_47' title='bbox 880 1233 954 1311; x_wconf 75' lang='lat' dir='ltr'>est,</span> <span class='ocrx_word' id='word_1_48' title='bbox 977 1229 1173 1315; x_wconf 57' lang='lat' dir='ltr'>&gt;dpminntn,</span> <span class='ocrx_word' id='word_1_49' title='bbox 1204 1253 1244 1297; x_wconf 84' lang='lat' dir='ltr'>nc</span> 
     </span>
     <span class='ocr_line' id='line_1_9' title="bbox 208 1300 1244 1420; baseline 0.005 -26"><span class='ocrx_word' id='word_1_50' title='bbox 208 1329 362 1415; x_wconf 86' lang='lat' dir='ltr'>injuriam</span> <span class='ocrx_word' id='word_1_51' title='bbox 382 1331 518 1397; x_wconf 80' lang='lat' dir='ltr'>sentiret</span> <span class='ocrx_word' id='word_1_52' title='bbox 541 1355 583 1396; x_wconf 81' lang='lat' dir='ltr'>cx</span> <span class='ocrx_word' id='word_1_53' title='bbox 609 1331 816 1420; x_wconf 78' lang='lat' dir='ltr'>poenitentia</span> <span class='ocrx_word' id='word_1_54' title='bbox 828 1333 987 1416; x_wconf 82' lang='lat' dir='ltr'>actoris,</span> <span class='ocrx_word' id='word_1_55' title='bbox 1001 1300 1050 1398; x_wconf 85' lang='lat' dir='ltr'>iril</span> <span class='ocrx_word' id='word_1_56' title='bbox 1071 1333 1244 1399; x_wconf 78' lang='lat' dir='ltr'>retundere</span> 
     </span>
     <span class='ocr_line' id='line_1_10' title="bbox 209 1431 1244 1549; baseline 0.006 -52"><span class='ocrx_word' id='word_1_57' title='bbox 209 1431 342 1498; x_wconf 85' lang='lat' dir='ltr'>dobere.</span> <span class='ocrx_word' id='word_1_58' title='bbox 363 1433 633 1538; x_wconf 30' lang='lat' dir='ltr'>-1Eademilia</span> <span class='ocrx_word' id='word_1_59' title='bbox 655 1433 781 1522; x_wconf 82' lang='lat' dir='ltr'>regula</span> <span class='ocrx_word' id='word_1_60' title='bbox 781 1445 820 1499; x_wconf 89' lang='lat' dir='ltr'>ct</span> <span class='ocrx_word' id='word_1_61' title='bbox 838 1434 874 1499; x_wconf 92' lang='lat' dir='ltr'>in</span> <span class='ocrx_word' id='word_1_62' title='bbox 901 1435 974 1500; x_wconf 85' lang='lat' dir='ltr'>aliie</span> <span class='ocrx_word' id='word_1_63' title='bbox 996 1436 1169 1549; x_wconf 75' lang='lat' dir='ltr'>speciebus</span> <span class='ocrx_word' id='word_1_64' title='bbox 1191 1461 1244 1503; x_wconf 87' lang='lat' dir='ltr'>oc·</span> 
     </span>
     <span class='ocr_line' id='line_1_11' title="bbox 210 1522 1244 1624; baseline 0.006 -25"><span class='ocrx_word' id='word_1_65' title='bbox 210 1535 323 1619; x_wconf 79' lang='lat' dir='ltr'>currit.</span> <span class='ocrx_word' id='word_1_66' title='bbox 369 1522 431 1600; x_wconf 89' lang='lat' dir='ltr'>Si</span> <span class='ocrx_word' id='word_1_67' title='bbox 429 1537 502 1624; x_wconf 88' lang='lat' dir='ltr'>quis</span> <span class='ocrx_word' id='word_1_68' title='bbox 524 1536 656 1602; x_wconf 77' lang='lat' dir='ltr'>dederit</span> <span class='ocrx_word' id='word_1_69' title='bbox 668 1535 775 1602; x_wconf 82' lang='lat' dir='ltr'>Titio·</span> <span class='ocrx_word' id='word_1_70' title='bbox 772 1537 928 1620; x_wconf 15' lang='lat' dir='ltr'>&amp;decem,</span> <span class='ocrx_word' id='word_1_71' title='bbox 932 1549 1002 1602; x_wconf 91' lang='lat' dir='ltr'>nt</span> <span class='ocrx_word' id='word_1_72' title='bbox 999 1541 1141 1604; x_wconf 72' lang='grc' dir='ltr'><strong>ιιιιιιιι</strong></span> <span class='ocrx_word' id='word_1_73' title='bbox 1162 1550 1244 1624; x_wconf 87' lang='lat' dir='ltr'>emat</span> 
     </span>
     <span class='ocr_line' id='line_1_12' title="bbox 209 1638 1243 1730; baseline 0.003 -26"><span class='ocrx_word' id='word_1_74' title='bbox 209 1649 242 1704; x_wconf 85' lang='lat' dir='ltr'>ct</span> <span class='ocrx_word' id='word_1_75' title='bbox 263 1638 485 1721; x_wconf 83' lang='lat' dir='ltr'>manumittat,</span> <span class='ocrx_word' id='word_1_76' title='bbox 507 1639 629 1705; x_wconf 84' lang='lat' dir='ltr'>deinde</span> <span class='ocrx_word' id='word_1_77' title='bbox 646 1641 829 1728; x_wconf 78' lang='lat' dir='ltr'>poeniteat,</span> <span class='ocrx_word' id='word_1_78' title='bbox 851 1661 965 1706; x_wconf 86' lang='lat' dir='ltr'>servus</span> <span class='ocrx_word' id='word_1_79' title='bbox 986 1645 1093 1706; x_wconf 87' lang='lat' dir='ltr'>autem</span> <span class='ocrx_word' id='word_1_80' title='bbox 1101 1641 1243 1730; x_wconf 86' lang='lat' dir='ltr'>,poeni-</span> 
     </span>
     <span class='ocr_line' id='line_1_13' title="bbox 209 1740 1242 1832; baseline 0.006 -30"><span class='ocrx_word' id='word_1_81' title='bbox 209 1740 309 1803; x_wconf 87' lang='lat' dir='ltr'>tentia</span> <span class='ocrx_word' id='word_1_82' title='bbox 332 1740 475 1804; x_wconf 90' lang='lat' dir='ltr'>nondum</span> <span class='ocrx_word' id='word_1_83' title='bbox 497 1751 565 1805; x_wconf 88' lang='lat' dir='ltr'>acta</span> <span class='ocrx_word' id='word_1_84' title='bbox 580 1741 673 1826; x_wconf 86' lang='lat' dir='ltr'>,jam</span> <span class='ocrx_word' id='word_1_85' title='bbox 696 1741 739 1805; x_wconf 84' lang='lat' dir='ltr'>sit</span> <span class='ocrx_word' id='word_1_86' title='bbox 761 1752 884 1822; x_wconf 88' lang='lat' dir='ltr'>emtus,</span> <span class='ocrx_word' id='word_1_87' title='bbox 903 1764 1021 1832; x_wconf 82' lang='lat' dir='ltr'>quum</span> <span class='ocrx_word' id='word_1_88' title='bbox 1044 1745 1242 1832; x_wconf 80' lang='lat' dir='ltr'>poenitentia</span> 
     </span>
     <span class='ocr_line' id='line_1_14' title="bbox 208 1840 1241 1940; baseline 0.009 -37"><span class='ocrx_word' id='word_1_89' title='bbox 208 1840 337 1904; x_wconf 83' lang='grc' dir='ltr'><strong>ιιιιΙΙιιιι</strong></span> <span class='ocrx_word' id='word_1_90' title='bbox 354 1841 461 1906; x_wconf 84' lang='lat' dir='ltr'>iacere</span> <span class='ocrx_word' id='word_1_91' title='bbox 481 1841 626 1907; x_wconf 83' lang='lat' dir='ltr'>debeat&#39;</span> <span class='ocrx_word' id='word_1_92' title='bbox 617 1842 769 1927; x_wconf 84' lang='lat' dir='ltr'>rnjuriam</span> <span class='ocrx_word' id='word_1_93' title='bbox 791 1843 836 1925; x_wconf 84' lang='lat' dir='ltr'>ei,</span> <span class='ocrx_word' id='word_1_94' title='bbox 858 1843 916 1933; x_wconf 90' lang='lat' dir='ltr'>qui</span> <span class='ocrx_word' id='word_1_95' title='bbox 940 1844 1125 1940; x_wconf 80' lang='lat' dir='ltr'>redemit,</span> <span class='ocrx_word' id='word_1_96' title='bbox 1136 1845 1241 1912; x_wconf 80' lang='lat' dir='ltr'>Titius</span> 
     </span>
     <span class='ocr_line' id='line_1_15' title="bbox 208 1928 1241 2034; baseline 0.005 -26"><span class='ocrx_word' id='word_1_97' title='bbox 208 1942 249 2008; x_wconf 91' lang='lat' dir='ltr'>ad</span> <span class='ocrx_word' id='word_1_98' title='bbox 270 1943 320 2008; x_wconf 90' lang='lat' dir='ltr'>nil</span> <span class='ocrx_word' id='word_1_99' title='bbox 331 1928 431 2008; x_wconf 87' lang='lat' dir='ltr'>aliud</span> <span class='ocrx_word' id='word_1_100' title='bbox 453 1945 526 2034; x_wconf 85' lang='lat' dir='ltr'>cogi</span> <span class='ocrx_word' id='word_1_101' title='bbox 551 1955 679 2034; x_wconf 89' lang='lat' dir='ltr'>potest,</span> <span class='ocrx_word' id='word_1_102' title='bbox 713 1968 809 2033; x_wconf 87' lang='lat' dir='ltr'>qnam</span> <span class='ocrx_word' id='word_1_103' title='bbox 832 1956 868 2010; x_wconf 88' lang='lat' dir='ltr'>ut</span> <span class='ocrx_word' id='word_1_104' title='bbox 888 1970 1016 2012; x_wconf 78' lang='lat' dir='ltr'>servum</span> <span class='ocrx_word' id='word_1_105' title='bbox 1038 1952 1162 2014; x_wconf 86' lang='lat' dir='ltr'>emtum</span> <span class='ocrx_word' id='word_1_106' title='bbox 1193 1971 1241 2013; x_wconf 88' lang='lat' dir='ltr'>re·</span> 
     </span>
     <span class='ocr_line' id='line_1_16' title="bbox 207 2046 1240 2169; baseline 0.003 -58"><span class='ocrx_word' id='word_1_107' title='bbox 207 2046 319 2112; x_wconf 81' lang='lat' dir='ltr'>atituat</span> <span class='ocrx_word' id='word_1_108' title='bbox 338 2048 461 2130; x_wconf 88' lang='lat' dir='ltr'>actori,</span> <span class='ocrx_word' id='word_1_109' title='bbox 482 2048 535 2113; x_wconf 85' lang='lat' dir='ltr'>vel</span> <span class='ocrx_word' id='word_1_110' title='bbox 556 2071 592 2113; x_wconf 87' lang='lat' dir='ltr'>se</span> <span class='ocrx_word' id='word_1_111' title='bbox 613 2047 836 2112; x_wconf 84' lang='lat' dir='ltr'>restituturum</span> <span class='ocrx_word' id='word_1_112' title='bbox 858 2048 1036 2136; x_wconf 87' lang='lat' dir='ltr'>promittat,</span> <span class='ocrx_word' id='word_1_113' title='bbox 1055 2049 1091 2114; x_wconf 88' lang='lat' dir='ltr'>si</span> <span class='ocrx_word' id='word_1_114' title='bbox 1114 2072 1240 2169; x_wconf 69' lang='lat' dir='ltr'>servus,</span> 
     </span>
     <span class='ocr_line' id='line_1_17' title="bbox 208 2150 1242 2241; baseline 0.003 -28"><span class='ocrx_word' id='word_1_115' title='bbox 208 2172 305 2237; x_wconf 91' lang='lat' dir='ltr'>quem</span> <span class='ocrx_word' id='word_1_116' title='bbox 329 2160 468 2232; x_wconf 88' lang='lat' dir='ltr'>emerat,</span> <span class='ocrx_word' id='word_1_117' title='bbox 501 2150 610 2240; x_wconf 74' lang='lat' dir='ltr'>fugit,</span> <span class='ocrx_word' id='word_1_118' title='bbox 638 2173 699 2216; x_wconf 90' lang='lat' dir='ltr'>nee</span> <span class='ocrx_word' id='word_1_119' title='bbox 718 2150 795 2239; x_wconf 82' lang='lat' dir='ltr'>iuga</span> <span class='ocrx_word' id='word_1_120' title='bbox 818 2150 962 2239; x_wconf 85' lang='lat' dir='ltr'>eulpa</span> <span class='ocrx_word' id='word_1_121' title='bbox 932 2173 1004 2237; x_wconf 91' lang='lat' dir='ltr'>cJus</span> <span class='ocrx_word' id='word_1_122' title='bbox 1026 2151 1164 2240; x_wconf 83' lang='lat' dir='ltr'>accidit,</span> <span class='ocrx_word' id='word_1_123' title='bbox 1187 2151 1242 2241; x_wconf 91' lang='lat' dir='ltr'>qni</span> 
     </span>
     <span class='ocr_line' id='line_1_18' title="bbox 208 2251 1241 2345; baseline 0.001 -28"><span class='ocrx_word' id='word_1_124' title='bbox 208 2253 398 2317; x_wconf 81' lang='lat' dir='ltr'>redemerat.</span> <span class='ocrx_word' id='word_1_125' title='bbox 420 2288 463 2303; x_wconf 88' lang='lat'>-</span> <span class='ocrx_word' id='word_1_126' title='bbox 491 2251 617 2335; x_wconf 83' lang='lat' dir='ltr'>Quodsi</span> <span class='ocrx_word' id='word_1_127' title='bbox 638 2252 809 2341; x_wconf 88' lang='lat' dir='ltr'>poenitens</span> <span class='ocrx_word' id='word_1_128' title='bbox 830 2251 954 2318; x_wconf 86' lang='lat' dir='ltr'>Titium</span> <span class='ocrx_word' id='word_1_129' title='bbox 976 2255 1016 2319; x_wconf 88' lang='lat' dir='ltr'>de</span> <span class='ocrx_word' id='word_1_130' title='bbox 1042 2254 1241 2345; x_wconf 85' lang='lat' dir='ltr'>poenitentia</span> 
     </span>
     <span class='ocr_line' id='line_1_19' title="bbox 210 2352 1241 2442; baseline 0.004 -23"><span class='ocrx_word' id='word_1_131' title='bbox 210 2352 451 2435; x_wconf 84' lang='lat' dir='ltr'>certioravcrit,</span> <span class='ocrx_word' id='word_1_132' title='bbox 480 2365 650 2442; x_wconf 85' lang='lat' dir='ltr'>antequam</span> <span class='ocrx_word' id='word_1_133' title='bbox 682 2365 787 2420; x_wconf 79' lang='lat' dir='ltr'>cintus</span> <span class='ocrx_word' id='word_1_134' title='bbox 811 2365 898 2421; x_wconf 87' lang='lat' dir='ltr'>esset</span> <span class='ocrx_word' id='word_1_135' title='bbox 918 2378 1054 2440; x_wconf 80' lang='lat' dir='ltr'>servus,</span> <span class='ocrx_word' id='word_1_136' title='bbox 1080 2368 1241 2424; x_wconf 87' lang='lat' dir='ltr'>ettamen</span> 
     </span>
     <span class='ocr_line' id='line_1_20' title="bbox 209 2456 1242 2548; baseline 0.003 -28"><span class='ocrx_word' id='word_1_137' title='bbox 209 2466 321 2544; x_wconf 87' lang='lat' dir='ltr'>postea</span> <span class='ocrx_word' id='word_1_138' title='bbox 339 2457 455 2521; x_wconf 85' lang='lat' dir='ltr'>emerit</span> <span class='ocrx_word' id='word_1_139' title='bbox 471 2479 599 2521; x_wconf 85' lang='lat' dir='ltr'>servum</span> <span class='ocrx_word' id='word_1_140' title='bbox 616 2456 739 2539; x_wconf 89' lang='lat' dir='ltr'>Titius,</span> <span class='ocrx_word' id='word_1_141' title='bbox 756 2467 894 2548; x_wconf 86' lang='lat' dir='ltr'>attamen</span> <span class='ocrx_word' id='word_1_142' title='bbox 913 2456 997 2522; x_wconf 88' lang='lat' dir='ltr'>aetio</span> <span class='ocrx_word' id='word_1_143' title='bbox 1015 2469 1147 2548; x_wconf 90' lang='lat' dir='ltr'>propter</span> <span class='ocrx_word' id='word_1_144' title='bbox 1166 2481 1242 2546; x_wconf 91' lang='lat' dir='ltr'>poe·</span> 
     </span>
     <span class='ocr_line' id='line_1_21' title="bbox 209 2558 1242 2648; baseline 0.002 -25"><span class='ocrx_word' id='word_1_145' title='bbox 209 2558 377 2623; x_wconf 85' lang='lat' dir='ltr'>nitentiam</span> <span class='ocrx_word' id='word_1_146' title='bbox 406 2558 560 2647; x_wconf 87' lang='lat' dir='ltr'>competit</span> <span class='ocrx_word' id='word_1_147' title='bbox 587 2559 639 2641; x_wconf 88' lang='lat' dir='ltr'>ci,</span> <span class='ocrx_word' id='word_1_148' title='bbox 665 2558 722 2648; x_wconf 91' lang='lat' dir='ltr'>qni</span> <span class='ocrx_word' id='word_1_149' title='bbox 744 2558 844 2625; x_wconf 88' lang='lat' dir='ltr'>dedit.</span> <span class='ocrx_word' id='word_1_150' title='bbox 884 2558 968 2624; x_wconf 72' lang='lat' dir='ltr'>“Hoc</span> <span class='ocrx_word' id='word_1_151' title='bbox 996 2559 1084 2624; x_wconf 88' lang='lat' dir='ltr'>enirn</span> <span class='ocrx_word' id='word_1_152' title='bbox 1106 2582 1182 2647; x_wconf 77' lang='lat' dir='ltr'>osan</span> <span class='ocrx_word' id='word_1_153' title='bbox 1203 2581 1242 2625; x_wconf 82' lang='lat' dir='ltr'>ex</span> 
     </span>
     <span class='ocr_line' id='line_1_22' title="bbox 155 2660 1240 2749; baseline 0 -22"><span class='ocrx_word' id='word_1_154' title='bbox 155 2711 161 2727; x_wconf 86' lang='lat'>.</span> <span class='ocrx_word' id='word_1_155' title='bbox 209 2661 410 2749; x_wconf 85' lang='lat' dir='ltr'>poenitentia</span> <span class='ocrx_word' id='word_1_156' title='bbox 438 2661 528 2726; x_wconf 87' lang='lat' dir='ltr'>nulia</span> <span class='ocrx_word' id='word_1_157' title='bbox 561 2661 665 2736; x_wconf 81' lang='lat' dir='ltr'>oritur</span> <span class='ocrx_word' id='word_1_158' title='bbox 684 2660 784 2726; x_wconf 78' lang='lat' dir='ltr'>Titio</span> <span class='ocrx_word' id='word_1_159' title='bbox 812 2660 945 2747; x_wconf 88' lang='lat' dir='ltr'>injuria.</span> <span class='ocrx_word' id='word_1_160' title='bbox 961 2718 964 2725; x_wconf 91' lang='lat'>.</span> <span class='ocrx_word' id='word_1_161' title='bbox 979 2660 1125 2744; x_wconf 68' lang='lat' dir='ltr'>-ssQoa</span> <span class='ocrx_word' id='word_1_162' title='bbox 1146 2684 1187 2726; x_wconf 82' lang='lat' dir='ltr'>ex</span> <span class='ocrx_word' id='word_1_163' title='bbox 1207 2683 1240 2727; x_wconf 83' lang='lat' dir='ltr'>re</span> 
     </span>
     <span class='ocr_line' id='line_1_23' title="bbox 208 2756 1239 2852; baseline -0.001 -24"><span class='ocrx_word' id='word_1_164' title='bbox 208 2784 298 2829; x_wconf 89' lang='lat' dir='ltr'>nanc</span> <span class='ocrx_word' id='word_1_165' title='bbox 317 2763 381 2829; x_wconf 87' lang='lat' dir='ltr'>alia</span> <span class='ocrx_word' id='word_1_166' title='bbox 403 2763 506 2828; x_wconf 89' lang='lat' dir='ltr'>oritur</span> <span class='ocrx_word' id='word_1_167' title='bbox 523 2763 697 2852; x_wconf 74' lang='lat' dir='ltr'>quaestio,</span> <span class='ocrx_word' id='word_1_168' title='bbox 712 2756 714 2765; x_wconf 44' lang='lat'>¹</span> <span class='ocrx_word' id='word_1_169' title='bbox 728 2763 788 2828; x_wconf 89' lang='lat' dir='ltr'>illa</span> <span class='ocrx_word' id='word_1_170' title='bbox 806 2786 862 2828; x_wconf 88' lang='lat' dir='ltr'>sc..</span> <span class='ocrx_word' id='word_1_171' title='bbox 890 2785 954 2852; x_wconf 89' lang='lat' dir='ltr'>qua</span> <span class='ocrx_word' id='word_1_172' title='bbox 974 2762 1032 2829; x_wconf 71' lang='lat' dir='ltr'>ria</span> <span class='ocrx_word' id='word_1_173' title='bbox 1061 2784 1239 2852; x_wconf 77' lang='lat' dir='ltr'>consequor</span> 
     </span>
     <span class='ocr_line' id='line_1_24' title="bbox 205 2860 1237 2956; baseline -0.002 -25"><span class='ocrx_word' id='word_1_174' title='bbox 205 2887 228 2931; x_wconf 85' lang='lat' dir='ltr'>a</span> <span class='ocrx_word' id='word_1_175' title='bbox 254 2866 461 2956; x_wconf 90' lang='lat' dir='ltr'>poenitente,</span> <span class='ocrx_word' id='word_1_176' title='bbox 490 2890 574 2956; x_wconf 79' lang='lat' dir='ltr'>qqae</span> <span class='ocrx_word' id='word_1_177' title='bbox 601 2865 726 2931; x_wconf 85' lang='lat' dir='ltr'>ratione</span> <span class='ocrx_word' id='word_1_178' title='bbox 758 2875 791 2930; x_wconf 88' lang='lat' dir='ltr'>et</span> <span class='ocrx_word' id='word_1_179' title='bbox 822 2865 954 2931; x_wconf 84' lang='lat' dir='ltr'>nomine</span> <span class='ocrx_word' id='word_1_180' title='bbox 983 2864 1110 2953; x_wconf 84' lang='lat' dir='ltr'>negotii</span> <span class='ocrx_word' id='word_1_181' title='bbox 1137 2860 1237 2952; x_wconf 88' lang='lat' dir='ltr'>coepti</span> 
     </span>
     <span class='ocr_line' id='line_1_25' title="bbox 206 2966 1236 3058; baseline -0.002 -26"><span class='ocrx_word' id='word_1_182' title='bbox 206 2967 288 3032; x_wconf 88' lang='lat' dir='ltr'>mihi</span> <span class='ocrx_word' id='word_1_183' title='bbox 306 2969 436 3034; x_wconf 73' lang='lat' dir='ltr'>absint?</span> <span class='ocrx_word' id='word_1_184' title='bbox 456 2979 566 3034; x_wconf 88' lang='lat' dir='ltr'>utrum</span> <span class='ocrx_word' id='word_1_185' title='bbox 587 2968 687 3058; x_wconf 85' lang='lat' dir='ltr'>igitur</span> <span class='ocrx_word' id='word_1_186' title='bbox 708 2967 780 3056; x_wconf 80' lang='lat' dir='ltr'>ip&#39;so</span> <span class='ocrx_word' id='word_1_187' title='bbox 791 2966 868 3052; x_wconf 91' lang='lat' dir='ltr'>jure</span> <span class='ocrx_word' id='word_1_188' title='bbox 892 2967 982 3032; x_wconf 89' lang='lat' dir='ltr'>nulla</span> <span class='ocrx_word' id='word_1_189' title='bbox 1002 2966 1047 3055; x_wconf 85' lang='lat' dir='ltr'>sit</span> <span class='ocrx_word' id='word_1_190' title='bbox 1065 2967 1236 3048; x_wconf 88' lang='lat' dir='ltr'>condictio,</span> 
     </span>
     <span class='ocr_line' id='line_1_26' title="bbox 209 3060 1236 3162; baseline 0.002 -29"><span class='ocrx_word' id='word_1_191' title='bbox 209 3067 388 3135; x_wconf 84' lang='lat' dir='ltr'>sitantum</span> <span class='ocrx_word' id='word_1_192' title='bbox 427 3060 663 3160; x_wconf 81' lang='lat' dir='ltr'>impenderim,</span> <span class='ocrx_word' id='word_1_193' title='bbox 702 3080 856 3158; x_wconf 87' lang='lat' dir='ltr'>quantum</span> <span class='ocrx_word' id='word_1_194' title='bbox 890 3069 1022 3159; x_wconf 81' lang='lat' dir='ltr'>accepi,</span> <span class='ocrx_word' id='word_1_195' title='bbox 1064 3079 1139 3138; x_wconf 61' lang='lat' dir='ltr'>suc*</span> <span class='ocrx_word' id='word_1_196' title='bbox 1158 3079 1236 3162; x_wconf 79' lang='lat' dir='ltr'>cern</span> 
     </span>
     <span class='ocr_line' id='line_1_27' title="bbox 208 3171 1235 3263; baseline -0.001 -25"><span class='ocrx_word' id='word_1_197' title='bbox 208 3171 281 3263; x_wconf 87' lang='lat' dir='ltr'>ipso</span> <span class='ocrx_word' id='word_1_198' title='bbox 301 3176 378 3260; x_wconf 82' lang='lat' dir='ltr'>J‘ure</span> <span class='ocrx_word' id='word_1_199' title='bbox 398 3174 630 3256; x_wconf 87' lang='lat' dir='ltr'>imminuatur,</span> <span class='ocrx_word' id='word_1_200' title='bbox 654 3173 683 3239; x_wconf 90' lang='lat' dir='ltr'>si</span> <span class='ocrx_word' id='word_1_201' title='bbox 703 3173 813 3237; x_wconf 83' lang='lat' dir='ltr'>minus</span> <span class='ocrx_word' id='word_1_202' title='bbox 832 3173 1029 3263; x_wconf 77' lang='lat' dir='ltr'>erogaverim</span> <span class='ocrx_word' id='word_1_203' title='bbox 1051 3198 1158 3263; x_wconf 75' lang='lat' dir='ltr'>quam·</span> <span class='ocrx_word' id='word_1_204' title='bbox 1171 3175 1235 3239; x_wconf 88' lang='lat' dir='ltr'>data</span> 
     </span>
     <span class='ocr_line' id='line_1_28' title="bbox 209 3277 1234 3367; baseline 0.002 -26"><span class='ocrx_word' id='word_1_205' title='bbox 209 3289 306 3362; x_wconf 73' lang='lat' dir='ltr'>sunt,</span> <span class='ocrx_word' id='word_1_206' title='bbox 327 3314 369 3330; x_wconf 88' lang='lat'><em>-</em></span> <span class='ocrx_word' id='word_1_207' title='bbox 397 3301 439 3342; x_wconf 90' lang='lat' dir='ltr'>an</span> <span class='ocrx_word' id='word_1_208' title='bbox 462 3301 522 3367; x_wconf 91' lang='lat' dir='ltr'>per</span> <span class='ocrx_word' id='word_1_209' title='bbox 543 3278 765 3366; x_wconf 82' lang='lat' dir='ltr'>exceptionem</span> <span class='ocrx_word' id='word_1_210' title='bbox 789 3286 933 3360; x_wconf 85' lang='lat' dir='ltr'>tantum,</span> <span class='ocrx_word' id='word_1_211' title='bbox 968 3277 1234 3366; x_wconf 82' lang='lat' dir='ltr'>compensationis</span> 
     </span>
     <span class='ocr_line' id='line_1_29' title="bbox 209 3379 1234 3469; baseline -0.002 -24"><span class='ocrx_word' id='word_1_212' title='bbox 209 3380 355 3461; x_wconf 90' lang='lat' dir='ltr'>nomine,</span> <span class='ocrx_word' id='word_1_213' title='bbox 375 3380 572 3446; x_wconf 88' lang='lat' dir='ltr'>condictioni</span> <span class='ocrx_word' id='word_1_214' title='bbox 592 3380 663 3468; x_wconf 93' lang='lat' dir='ltr'>ipso</span> <span class='ocrx_word' id='word_1_215' title='bbox 684 3381 761 3466; x_wconf 88' lang='lat' dir='ltr'>jure</span> <span class='ocrx_word' id='word_1_216' title='bbox 782 3379 918 3469; x_wconf 84' lang='lat' dir='ltr'>vigenti,</span> <span class='ocrx_word' id='word_1_217' title='bbox 941 3381 1065 3469; x_wconf 89' lang='lat' dir='ltr'>opponi</span> <span class='ocrx_word' id='word_1_218' title='bbox 1080 3379 1234 3466; x_wconf 69' lang='lat' dir='ltr'>debeant?</span> 
     </span>
     <span class='ocr_line' id='line_1_30' title="bbox 171 3481 1234 3573; baseline 0.004 -27"><span class='ocrx_word' id='word_1_219' title='bbox 171 3500 172 3506; x_wconf 74' lang='grc'>’</span> <span class='ocrx_word' id='word_1_220' title='bbox 207 3481 278 3573; x_wconf 81' lang='lat' dir='ltr'>Ego</span> <span class='ocrx_word' id='word_1_221' title='bbox 300 3482 372 3570; x_wconf 91' lang='lat' dir='ltr'>ipso</span> <span class='ocrx_word' id='word_1_222' title='bbox 395 3482 471 3568; x_wconf 87' lang='lat' dir='ltr'>jure</span> <span class='ocrx_word' id='word_1_223' title='bbox 502 3483 653 3551; x_wconf 87' lang='lat' dir='ltr'>imminui</span> <span class='ocrx_word' id='word_1_224' title='bbox 674 3483 727 3549; x_wconf 78' lang='lat' dir='ltr'>vel</span> <span class='ocrx_word' id='word_1_225' title='bbox 754 3483 979 3572; x_wconf 73' lang='lat' dir='ltr'>ponitustolii</span> <span class='ocrx_word' id='word_1_226' title='bbox 1001 3484 1234 3550; x_wconf 79' lang='lat' dir='ltr'>condictionem</span> 
     </span>
     <span class='ocr_line' id='line_1_31' title="bbox 205 3584 1233 3676; baseline 0 -26"><span class='ocrx_word' id='word_1_227' title='bbox 205 3586 357 3652; x_wconf 76' lang='lat' dir='ltr'>arbitror.</span> <span class='ocrx_word' id='word_1_228' title='bbox 401 3584 445 3651; x_wconf 84' lang='lat' dir='ltr'>Et</span> <span class='ocrx_word' id='word_1_229' title='bbox 469 3586 599 3674; x_wconf 89' lang='lat' dir='ltr'>quidem</span> <span class='ocrx_word' id='word_1_230' title='bbox 622 3587 664 3651; x_wconf 86' lang='lat' dir='ltr'>ob</span> <span class='ocrx_word' id='word_1_231' title='bbox 685 3589 750 3652; x_wconf 87' lang='lat' dir='ltr'>has.</span> <span class='ocrx_word' id='word_1_232' title='bbox 765 3587 920 3653; x_wconf 85' lang='lat' dir='ltr'>rationes.</span> <span class='ocrx_word' id='word_1_233' title='bbox 963 3585 1037 3652; x_wconf 85' lang='lat' dir='ltr'>Jam</span> <span class='ocrx_word' id='word_1_234' title='bbox 1062 3610 1162 3676; x_wconf 90' lang='lat' dir='ltr'>snpra</span> <span class='ocrx_word' id='word_1_235' title='bbox 1182 3588 1233 3652; x_wconf 90' lang='lat' dir='ltr'>dn·</span> 
     </span>
     <span class='ocr_line' id='line_1_32' title="bbox 208 3688 1233 3776; baseline -0.001 -23"><span class='ocrx_word' id='word_1_236' title='bbox 208 3689 326 3776; x_wconf 87' lang='lat' dir='ltr'>plicem</span> <span class='ocrx_word' id='word_1_237' title='bbox 346 3689 560 3755; x_wconf 82' lang='lat' dir='ltr'>condictionis</span> <span class='ocrx_word' id='word_1_238' title='bbox 583 3701 728 3755; x_wconf 84' lang='lat' dir='ltr'>naturam</span> <span class='ocrx_word' id='word_1_239' title='bbox 750 3688 920 3754; x_wconf 71' lang='lat' dir='ltr'>annotavit</span> <span class='ocrx_word' id='word_1_240' title='bbox 946 3689 1034 3776; x_wconf 89' lang='lat' dir='ltr'>quod</span> <span class='ocrx_word' id='word_1_241' title='bbox 1058 3689 1153 3754; x_wconf 91' lang='lat' dir='ltr'>enim.</span> <span class='ocrx_word' id='word_1_242' title='bbox 1167 3688 1233 3775; x_wconf 88' lang='lat' dir='ltr'>sjns</span> 
     </span>
     <span class='ocr_line' id='line_1_33' title="bbox 207 3791 1233 3882; baseline 0 -28"><span class='ocrx_word' id='word_1_243' title='bbox 207 3792 451 3858; x_wconf 80' lang='lat' dir='ltr'>fundamentum</span> <span class='ocrx_word' id='word_1_244' title='bbox 481 3792 616 3875; x_wconf 84' lang='lat' dir='ltr'>attinet,</span> <span class='ocrx_word' id='word_1_245' title='bbox 648 3817 689 3859; x_wconf 83' lang='lat' dir='ltr'>ex</span> <span class='ocrx_word' id='word_1_246' title='bbox 709 3794 779 3881; x_wconf 86' lang='lat' dir='ltr'>ipsa</span> <span class='ocrx_word' id='word_1_247' title='bbox 807 3792 967 3881; x_wconf 81' lang='lat' dir='ltr'>aequitate</span> <span class='ocrx_word' id='word_1_248' title='bbox 996 3801 1028 3857; x_wconf 92' lang='lat' dir='ltr'>et</span> <span class='ocrx_word' id='word_1_249' title='bbox 1053 3791 1136 3878; x_wconf 70' lang='lat' dir='ltr'>jure</span> <span class='ocrx_word' id='word_1_250' title='bbox 1163 3814 1233 3882; x_wconf 75' lang='lat' dir='ltr'>gen·</span> 
     </span>
     <span class='ocr_line' id='line_1_34' title="bbox 207 3894 1234 3987; baseline -0.003 -27"><span class='ocrx_word' id='word_1_251' title='bbox 207 3894 290 3960; x_wconf 85' lang='lat' dir='ltr'>tium</span> <span class='ocrx_word' id='word_1_252' title='bbox 307 3895 528 3981; x_wconf 71' lang='lat' dir='ltr'>descendere,</span> <span class='ocrx_word' id='word_1_253' title='bbox 557 3897 645 3987; x_wconf 92' lang='lat' dir='ltr'>quod</span> <span class='ocrx_word' id='word_1_254' title='bbox 665 3920 742 3963; x_wconf 84' lang='lat' dir='ltr'>vero</span> <span class='ocrx_word' id='word_1_255' title='bbox 760 3895 922 3981; x_wconf 86' lang='lat' dir='ltr'>judicium</span> <span class='ocrx_word' id='word_1_256' title='bbox 943 3894 1171 3986; x_wconf 84' lang='lat' dir='ltr'>actionemque</span> <span class='ocrx_word' id='word_1_257' title='bbox 1190 3894 1234 3959; x_wconf 91' lang='lat' dir='ltr'>in·</span> 
     </span>
     <span class='ocr_line' id='line_1_35' title="bbox 209 3996 1234 4089; baseline -0.002 -27"><span class='ocrx_word' id='word_1_258' title='bbox 209 3996 373 4079; x_wconf 86' lang='lat' dir='ltr'>stitutam,</span> <span class='ocrx_word' id='word_1_259' title='bbox 396 3998 633 4065; x_wconf 84' lang='lat' dir='ltr'>strictissimum</span> <span class='ocrx_word' id='word_1_260' title='bbox 651 4000 709 4086; x_wconf 89' lang='lat' dir='ltr'>jus</span> <span class='ocrx_word' id='word_1_261' title='bbox 734 3998 899 4066; x_wconf 84' lang='lat' dir='ltr'>observari</span> <span class='ocrx_word' id='word_1_262' title='bbox 921 3996 1001 4062; x_wconf 82' lang='lat' dir='ltr'>dixi.</span> <span class='ocrx_word' id='word_1_263' title='bbox 1022 3997 1164 4089; x_wconf 22' lang='lat' dir='ltr'>—alpsa</span> <span class='ocrx_word' id='word_1_264' title='bbox 1184 3997 1234 4062; x_wconf 85' lang='lat' dir='ltr'>ilia</span> 
     </span>
     <span class='ocr_line' id='line_1_36' title="bbox 210 4099 1236 4193; baseline -0.004 -27"><span class='ocrx_word' id='word_1_265' title='bbox 210 4101 246 4166; x_wconf 88' lang='lat' dir='ltr'>in</span> <span class='ocrx_word' id='word_1_266' title='bbox 268 4100 478 4167; x_wconf 78' lang='lat' dir='ltr'>fundamento</span> <span class='ocrx_word' id='word_1_267' title='bbox 512 4107 659 4193; x_wconf 89' lang='lat' dir='ltr'>aequitas</span> <span class='ocrx_word' id='word_1_268' title='bbox 681 4103 784 4186; x_wconf 74' lang='lat' dir='ltr'>fecit,</span> <span class='ocrx_word' id='word_1_269' title='bbox 817 4126 861 4167; x_wconf 91' lang='lat' dir='ltr'>ne</span> <span class='ocrx_word' id='word_1_270' title='bbox 891 4099 1061 4188; x_wconf 86' lang='lat' dir='ltr'>amplioris</span> <span class='ocrx_word' id='word_1_271' title='bbox 1098 4120 1236 4167; x_wconf 84' lang='lat' dir='ltr'>summas</span> 
     </span>
     <span class='ocr_line' id='line_1_37' title="bbox 209 4201 1237 4303; baseline -0.001 -33"><span class='ocrx_word' id='word_1_272' title='bbox 209 4202 371 4270; x_wconf 79' lang='lat' dir='ltr'>condictio</span> <span class='ocrx_word' id='word_1_273' title='bbox 387 4203 544 4293; x_wconf 79' lang='lat' dir='ltr'>daretur,</span> <span class='ocrx_word' id='word_1_274' title='bbox 559 4228 767 4297; x_wconf 68' lang='lat' dir='ltr'>,qnamzquae</span> <span class='ocrx_word' id='word_1_275' title='bbox 790 4204 1143 4303; x_wconf 63' lang='lat' dir='ltr'>sinpernus-alterins</span> <span class='ocrx_word' id='word_1_276' title='bbox 1156 4201 1237 4295; x_wconf 83' lang='lat' dir='ltr'>apud</span> 
     </span>
    </p>
   </div>
   <div class='ocr_carea' id='block_1_3' title="bbox 0 0 1290 4800">
    <p class='ocr_par' dir='ltr' id='par_1_3' title="bbox 0 0 1290 4800">
     <span class='ocr_line' id='line_1_38' title="bbox 0 0 1290 4800; baseline 0 2"><span class='ocrx_word' id='word_1_277' title='bbox 0 0 1290 4800; x_wconf 95' lang='lat' dir='ltr'> </span> 
     </span>
    </p>
   </div>
  </div>
 </body>
</html>
