2572 4800
567 375 820 451 ..20-

174 579 295 649 aecidit
315 603 407 664 castr,
430 577 520 668 quod
536 601 609 646 uon
631 603 726 646 casus
749 579 926 649 videretur.
971 579 1066 647 Victa
1092 592 1141 647 est
1161 605 1219 647 no·

173 699 290 768 verca,
320 684 391 774 ipsa
423 686 519 750 heres
552 708 594 750 ex
622 695 714 772 perte
744 694 856 774 sexta3
890 683 995 749 victus
1016 681 1217 764 Suberinns,

173 788 234 878 qui
268 787 484 854 exheredatus
512 810 531 852 ι
562 798 655 876 patre
687 787 849 876 singulari
882 786 1086 875 impudentia
1115 786 1219 852 alicui

172 890 275 989 pateis
296 891 383 957 hona
413 889 619 970 vindicabat,
658 914 726 955 non
749 913 850 956 ausus
872 889 926 954 sui
954 888 1102 977 petere.'’
1144 889 1220 954 Hoc

173 998 207 1064 iu
225 994 355 1084 judicio
378 995 500 1061 Acciae
519 992 675 1059 Variolac
698 1018 828 1059 causam
851 994 918 1082 egit
939 992 1069 1058 Plinius
1087 991 1221 1078 junior,

172 1099 232 1190 qui
264 1099 461 1179 orationem,
497 1121 594 1187 quam
619 1120 681 1186 pro
712 1121 749 1162 ea
777 1095 913 1177 habuit,
945 1096 1156 1160 maximam
1179 1109 1223 1162 ct

171 1202 296 1293 eopia
330 1210 543 1273 rerumet
572 1211 718 1289 arguta
753 1200 974 1265 divisione
1013 1208 1054 1264 et
1084 1220 1219 1263 narra·

171 1304 389 1374 tiunculis
413 1313 454 1368 ct
475 1303 720 1392 eloquendi
741 1303 960 1368 varietate
981 1312 1220 1367 renovatam

171 1406 322 1499 Romano
343 1429 404 1471 suo
425 1404 552 1470 scribit.
610 1405 677 1486 „ln
700 1428 764 1493 qua
786 1404 957 1486 dedimus,
987 1402 1116 1493 inquit,
1146 1404 1221 1470 vela

171 1508 412 1600 indignationi,
437 1506 587 1574 dedimus
608 1506 691 1588 irae,
707 1506 863 1572 ¹'dedimus
887 1507 1016 1585 dolori3
1039 1519 1072 1572 et
1094 1507 1129 1572 iu
1150 1531 1219 1571 aru·

89 1687 93 1697 ,
171 1615 321 1705 piissima
345 1634 455 1693 carisa,
478 1610 574 1699 qnasi
595 1632 712 1699 magno
735 1599 818 1675 mari
828 1611 981 1700 pluribus
1003 1610 1111 1676 ventis
1134 1607 1221 1675 vecti

172 1716 323 1783 sumus.’'
342 1797 346 1804 ι
366 1714 458 1779 Idem
480 1712 546 1778 alio
566 1711 641 1778 loco
663 1712 839 1802 gloriatur:
868 1715 1088 1803 „frequenter
1108 1713 1221 1802 agenti

173 1819 253 1885 mihi
274 1817 403 1898 evenit,
425 1826 463 1880 ut
483 1812 598 1905 Caini,
626 1838 728 1905 quum
749 1816 807 1883 diu
829 1840 864 1881 se
887 1817 973 1881 intra
989 1815 1142 1902 judicum
1160 1840 1218 1880 au·

172 1920 355 1988 ctoritatem
376 1918 632 2008 gravitatemque
653 1920 914 2002 continuissent,
943 1943 1058 1985 omncs
1079 1921 1220 2007 repente

174 2023 274 2114 qnasi>
285 2021 365 2115 uicti
377 2022 547 2110 coactique
565 2035 803 2111 consurgerent
823 2023 1095 2113 laudarentque.’'
1125 2023 1216 2089 Pliu.

175 2116 293 2217 Epist.
321 2125 381 2191 lib.
404 2123 468 2189 lX.
492 2125 616 2213 23.-
682 2126 773 2192 Haec
801 2150 904 2209 vero,
945 2149 1029 2216 quac
1062 2127 1218 2217 apposui,

173 2229 345 2319 exempla,
379 2239 417 2293 ut
446 2225 669 2317 amplissimus
693 2227 954 2294 Commentarius
977 2230 1087 2296 locum
1117 2253 1220 2318 quen-

173 2333 247 2400 dam
269 2329 487 2416 Quinctiliani
506 2328 684 2396 illustrant.
731 2331 990 2414 ‚,Quibnsdam‚
1020 2331 1142 2420 inquit,
1162 2331 1220 2416 ju·

173 2434 294 2517 diciis‚
327 2433 533 2522 maximeque
572 2433 769 2522 capitalibus
798 2446 831 2502 et
860 2437 949 2525 apud
977 2432 1115 2516 cviros,
1149 2433 1221 2521 ipsi

169 2537 302 2625 judices
331 2535 468 2624 exigunt
497 2534 654 2600 sollicitas
682 2549 717 2602 et
741 2549 906 2603 accuratas
938 2539 1105 2620 actiones,
1140 2561 1219 2603 cun·

174 2640 345 2729 temnique
366 2662 419 2719 se,
443 2637 508 2702 uisi
529 2638 564 2703 in
587 2638 726 2707 dicendo
746 2641 843 2708 ctiam
860 2641 1029 2730 diligentia
1050 2652 1219 2731 appareat,

175 2744 333 2828 credunta
369 2765 431 2807 nec
453 2741 564 2808 doceri
585 2740 731 2830 tantum,
770 2745 946 2813 sedetiam
979 2743 1135 2811 delectari
1163 2766 1220 2808 vo·

175 2847 280 2915 lunt.”
302 2884 346 2897 -
389 2845 478 2928 Quid
499 2846 618 2912 mirum
641 2847 763 2938 igitur,
798 2847 887 2938 quod
915 2847 1003 2912 idern
1024 2843 1221 2930 Quinctiliu-

174 2976 238 3018 uus
276 2975 318 3017 ex
349 2949 535 3015 (laicalibus
571 2951 779 3039 potissimum
817 2951 923 3016 causis
960 2949 1027 3014 silai
1069 2947 1221 3035 exempla

175 3065 295 3138 sumat,
318 3053 353 3118 iu
376 3053 497 3141 quibus
514 3051 721 3140 eloquentiae
745 3063 918 3143 praccepta
940 3051 1121 3140 discipulos
1143 3050 1221 3114 cdo-

175 3159 268 3224 ceat‘l
311 3155 353 3225 Et
375 3155 409 3220 in
431 3157 493 3221 hoc
516 3177 636 3243 genere
652 3155 722 3242 jam
744 3155 860 3221 Cicero
882 3155 975 3230 testis
998 3165 1068 3236 est,
1095 3176 1221 3242 pueros

176 3260 262 3349 apud
284 3258 455 3348 magistros
478 3257 639 3323 exercitos
669 3282 742 3324 esse
763 3282 900 3342 omncs,
929 3282 1035 3349 'quum
1065 3256 1100 3323 iu
1131 3255 1221 3342 ejus-

175 3363 266 3430 modi
283 3362 391 3429 causis
411 3360 491 3428 alias
515 3361 693 3451 scriptum,
720 3363 803 3429 alias'
823 3363 1019 3452 aequitatem
1041 3360 1221 3425 defendere

176 3467 383 3532 docerentur.
413 3503 456 3514 —
505 3464 582 3530 Alia
612 3490 712 3555 porro
747 3467 896 3555 exempla
926 3465 1039 3531 Valer.
1080 3462 1219 3528 Maxim.

176 3568 254 3634 lilrr.
285 3566 389 3646 Vlll,
418 3591 448 3632 c.
472 3569 504 3631 l.
536 3591 611 3656 pr..3
641 3569 720 3649 Vll,
749 3570 784 3634 d.
807 3568 845 3661 ξ.
863 3571 895 3633 l.
927 3579 1047 3633 narrat.
1071 3606 1112 3616 -
1164 3569 1223 3634 Ad

174 3673 246 3752 hoc
261 3669 404 3758 deniqne
425 3668 554 3736 Cvirale
574 3671 739 3758 judicium
761 3672 933 3739 referenda
955 3681 1033 3736 sunt
1054 3692 1137 3759 quac
1155 3669 1222 3735 Ta·

177 3775 262 3843 citus
296 3783 361 3839 tam
393 3774 555 3867 concinne
585 3785 687 3843 notat.
744 3775 924 3841 Transiens
955 3774 1043 3840 enim
1081 3772 1122 3835 ad
1154 3773 1222 3837 for·

176 3902 321 3946 mamae
343 3879 613 3944 consuetudinem
633 3890 780 3944 veterum
797 3878 1013 3965 judiciorum,
1035 3874 1222 3963 „cloquen-

175 3983 278 4064 tiam,
300 3982 365 4064 ait,
389 3981 475 4047 illud
497 3983 603 4048 iorum
625 3981 730 4071 magis
753 3982 954 4063 exercuisse,
976 3979 1011 4044 in
1036 4000 1102 4067 quo
1124 4000 1224 4043 uerno

177 4086 261 4151 intra
293 4084 505 4173 paucissimus
538 4087 635 4153 horas
664 4108 819 4174 perorare
849 4084 1049 4173 cogebatur3
1075 4091 1108 4144 et
1138 4079 1224 4146 libc-

175 4202 231 4254 rae
255 4187 617 4277 comperendinationes
639 4199 755 4272 erant,
788 4199 821 4253 et
848 4188 980 4254 modum
1004 4182 1138 4250 dicendi
1157 4182 1225 4248 sihi
