2572 4800
625 527 627 535 ι

141 586 227 658 ιἰιὶο
247 582 455 680 nequiquam
471 584 679 679 denegatur,
702 586 768 663 ,sed
789 608 851 677 per
872 580 1105 679 exceptionem
1122 598 1191 659 aar»

142 706 213 761 tom
234 694 390 778 eliditur,
424 691 502 782 quia
521 691 633 756 dolum
656 700 712 756 aot
725 702 856 778 »metum
877 693 1092 782 comprobare
1115 717 1191 759 con·

140 811 191 866 tra
203 799 309 886 lrouos
324 819 430 863 mores
440 806 490 860 est
502 820 512 857 ι
539 794 583 859 ite
595 803 630 860 et
644 805 757 859 nostro
770 817 861 875 caso,
874 796 942 884 qni
954 796 1192 886 turpitudinem

116 946 119 966 .
142 903 311 993 suscepit,
328 893 447 991 ⁸⁴agere
476 896 610 987 quidem
632 907 762 984 potest,
794 897 853 962 sed
883 921 943 987 per
963 898 1191 988 exceptionem

142 1005 326 1094 repellitur.
385 1001 491 1086 Quam
514 999 742 1089 exceptionem
773 1024 850 1066 reos
877 1000 908 1066 ei
939 1024 1006 1067 non
1038 1003 1190 1091 opponit,

142 1108 255 1198 itaque
271 1107 349 1194 jore
366 1126 523 1173 concesso
544 1104 744 1187 nouutitur,
766 1100 843 1194 q'nia
864 1114 945 1170 tnnc
967 1104 1095 1170 subluto
1118 1129 1190 1193 pro·

141 1211 229 1276 nima
263 1224 360 1276 censa
391 1202 640 1298 stipulationis,
677 1228 762 1296 queo
794 1219 931 1296 prepter
964 1208 1190 1298 exceptionem

142 1313 251 1380 inanis
273 1323 380 1392 esset,
408 1311 547 1402 pristina
570 1332 680 1392 eausa,
702 1308 737 1375 id
760 1321 811 1376 eet
832 1310 1003 1400 turpitudo
1023 1316 1189 1402 superest,

140 1415 290 1482 inillam
313 1414 456 1504 speeiem
486 1413 604 1480 reeidit
630 1423 696 1478 tota
717 1435 791 1494 res,
827 1436 911 1502 quoe
939 1417 1066 1502 parem
1085 1413 1190 1480 dentis

142 1531 175 1587 et
194 1517 388 1608 accipientis
409 1510 647 1607 turpitudinem
669 1515 830 1598 exlribct,
858 1517 1188 1606 ergcquerepctitio·

37 1685 41 1695 .
140 1646 218 1690 uem
239 1644 307 1688 non
329 1619 459 1710 recipit.
483 1656 526 1672 -
567 1617 676 1683 Certis
705 1616 813 1684 eutem
843 1620 1040 1710 quibusdem
1059 1621 1189 1705 casibus

141 1727 213 1794 vice
234 1723 335 1810 lrojns
358 1722 577 1789 condictionis
596 1722 639 1786 olr
654 1733 784 1810 turpem
805 1746 934 1789 causern
956 1724 1110 1813 fungitur
1135 1724 1190 1790 lac·

142 1849 204 1892 nae
225 1824 305 1905 lidei
326 1824 435 1908 actio,
458 1824 562 1890 veluti
575 1824 668 1890 actio
693 1823 793 1906 canti,
814 1825 973 1907 venditi,
979 1826 1091 1910 locuti,
1115 1852 1189 1894 eon·

111 2015 112 2018 Ἴ
141 1928 246 2010 ducti,
269 1928 434 2015 mandati3
458 1926 601 2016 exempli
623 1926 738 2017 gratio,
763 1927 794 1992 si
813 1952 881 1994 reru
903 1929 1039 1996 locatum
1064 1930 1125 1995 tilri
1140 1929 1190 1997 rel

142 2030 305 2102 venditam
327 2042 420 2113 ate,
456 2029 510 2097 rel
531 2031 735 2114 mandatam,
766 2041 802 2096 ιιι
833 2031 987 2099 redderes
1017 2003 1189 2124 pecuniam

85 2134 91 2148 ”
142 2137 326 2241 acceperis.
378 2135 442 2202 llis
469 2134 557 2202 enirn
584 2135 715 2202 uesilrns
745 2137 955 2204 condictione
984 2139 1029 2219 oh
1060 2151 1188 2228 turpem

141 2262 272 2309 'caueam
285 2268 301 2321 ,·=
318 2237 443 2321 rel,
415 2260 444 2303 er
466 2239 600 2323 malim,
634 2262 676 2304 cx
697 2239 828 2322 locato,
854 2242 1014 2324 vendito,
1048 2242 1188 2309 mandati

44 2345 55 2372 ‘
141 2364 239 2434 agere
257 2363 405 2430 possam
450 2341 575 2432 Neque
597 2354 706 2409 tamen
735 2343 790 2410 lric
812 2345 985 2426 condictio
999 2369 1041 2410 cx
1065 2345 1188 2412 incerto

142 2455 311 2511 contractu
345 2456 416 2511 orta
455 2445 522 2510 dici
551 2457 690 2535 potest,
715 2445 815 2512 clenti
848 2471 947 2536 supra
980 2447 1121 2512 vidimus
1146 2471 1187 2513 ex

142 2549 234 2615 omni
255 2556 428 2614 contractu¹
441 2559 506 2617 tarn
529 2561 617 2616 certo
638 2573 736 2639 qnam
756 2549 904 2632 incerto,
921 2550 1011 2616 velut
1034 2550 1186 2632 emtione,

141 2648 353 2733 venditione,
375 2653 539 2736 mandato,
560 2653 799 2720 condictionem
823 2652 903 2718 oriri
924 2667 1044 2741 posse5
1068 2654 1129 2720 sed
1149 2677 1189 2719 ex

141 2752 315 2820 contrario·
336 2753 447 2842 potios
476 2754 582 2822 bonne
612 2756 689 2823 fidei
719 2757 880 2829 actionem
903 2755 1107 2823 condictioni
1134 2768 1189 2824 oc·

140 2855 272 2923 cedere.
295 2893 339 2908 -
381 2856 510 2941 Quodsi
539 2871 576 2925 ut
607 2859 643 2923 id
672 2861 762 2949 qood
792 2884 834 2925 ex
855 2869 1048 2925 testamento
1069 2871 1189 2941 auter

141 2956 353 3048 stipulatione
377 2959 542 3044 delrcltas,
577 2961 730 3027 redderes
756 2961 861 3044 milri,
897 2963 1071 3051 pecuniam
1095 2963 1187 3029 dede·

141 3061 228 3144 rim,
250 3061 415 3128 condictio
436 3068 562 3129 tentum
584 3064 748 3152 pecuniae
772 3088 811 3129 eo
833 3065 968 3130 nomine
996 3064 1093 3130 datae
1115 3065 1186 3130 erit.

33 3248 37 3265 ¹
143 3162 320 3253 stipulatio
343 3162 431 3229 enirn
454 3189 495 3232 ex
522 3168 687 3257 expressis
717 3178 840 3232 tanturn
869 3166 1138 3255 interrogationis
1157 3176 1204 3233 et·

27 3265 30 3269 ’
140 3265 367 3355 responsionis
387 3267 497 3334 verbis
526 3270 735 3356 aestimetur3
768 3294 837 3359 arg.
859 3269 885 3337 l.
909 3271 942 3336 9.
965 3268 996 3361 §.
1021 3272 1054 3336 l.
1081 3270 1127 3336 D.
1149 3270 1188 3338 de

142 3367 239 3435 cond.
264 3367 307 3432 olr
329 3377 421 3487 turp.
445 3371 676 3462 (Paulos).-

212 3465 266 3532 ln
285 3468 370 3532 lris
360 3469 463 3560 rgitnr
483 3475 633 3565 quinque
648 3475 866 3544 condictionis
885 3476 1062 3566 speciebus
1078 3452 1186 3545 omni·
1200 3514 1202 3523 =

69 3578 81 3594 ¹
141 3568 204 3633 lrne
234 3569 321 3635 illud
357 3574 535 3664 praecipue
569 3580 752 3666 reperimus
781 3580 968 3663 concitum,
1000 3582 1134 3672 quod*
1118 3607 1187 3670 μαι

8 3730 11 3735 .
139 3680 236 3740 antee
268 3675 492 3762 generalem
481 3702 517 3744 ιιι
543 3682 676 3746 modom
706 3684 884 3762 affirmavi,
917 3706 965 3750 sc.
983 3686 1188 3776 ubicunqne

88 3854 90 3863 Ι
140 3785 251 3838 nostre
274 3798 327 3841 res
351 3780 438 3867 opud
460 3781 648 3848 alterum
620 3808 693 3851 sine
714 3808 810 3850 crosa
833 3785 1120 3875 deprehendatur,
1140 3788 1189 3854 ibi

141 3899 202 3943 noe
236 3880 443 3948 condictione
476 3908 548 3950 earn
581 3899 731 3975 repetere
763 3912 882 3977 posse,
921 3891 1000 3979 quia
1031 3891 1188 3983 aequitati

141 3979 339 4050 contrariom
372 3996 445 4067 est,
486 3987 626 4054 alterurn
655 4014 697 4055 ex
725 3990 861 4058 alterius
889 3993 1086 4065 detrimento
1106 3994 1189 4062 lieri

99 4089 102 4094 '
139 4079 467 4172 locupletiorem-
509 4089 670 4156 Ultimum
698 4104 805 4158 autern
831 4096 1064 4165 condictionis·
1074 4097 1187 4164 londa·

140 4198 286 4255 mentum
307 4185 465 4279 obligatio
490 4202 541 4259 est
562 4194 620 4262 illa
644 4218 688 4261 re
709 4207 893 4288 contrecta3
929 4199 1200 4292 nusquamne
