2572 4800
432 385 718 465 -21'2-

58 586 185 678 quippe
198 587 293 676 eujus
307 589 692 678 nemine-„retentionem
705 589 836 678 quidem
848 589 1017 674 babemus,
1035 617 1094 684 pe·
1139 632 1142 638 ·

56 691 206 757 titionem
217 700 331 760 ‘autem'
349 703 417 759 nen
433 694 630 759 babemus.'’·
678 692 864 758 Secundum
880 693 1094 768 Puulumau·

58 794 173 860 tem-iu
191 795 284 862 tet.
307 795 343 888 ᾗ..
366 800 399 863 l·
417 797 461 860 D.
484 795 524 860 de
538 795 580 859 R.
595 793 642 859 J·‘
658 793 713 875 „is
732 805 845 860 natura
865 795 973 877 debet,
996 821 1094 886 quem

53 896 133 983 jure
149 899 385 987 gentium'dare
399 907 538 985 oportet,
561 896 655 981 cujus
671 895 766 960 fidem
781 897 883 962 secuti
896 899 1094 965 eumns.”-·

67 1003 70 1009 '
101 1040 104 1048 .
145 998 239 1066 llanc
263 1010 370 1065 autem
391 999 569 1078 rationem,
605 1020 646 1063 ex
673 1020 736 1086 qua
761 996 795 1062 in
818 998 1023 1069 condictione
1044 1001 1093 1066 in·

59 1097 163 1165 debiti
179 1101 367 1167 indebitum
388 1100 578 1166 naturaliter
605 1098 822 1189 intelligitur,
851 1102 932 1167 varii
951 1126 1094 1195 sequun-

58 1213 114 1267 tur
134 1209 292 1287 euentus,
314 1227 397 1292 ques
419 1204 541 1270 ordine
556 1220 720 1290 exponere
741 1202 868 1269 studeo.

144 1307 177 1370 l.
200 1295 293 1371 duris
316 1307 427 1396 regule
446 1314 519 1391 est,
550 1305 700 1371 maritum
727 1305 877 1387 mulieri,
911 1305 1004 1373 finito
1029 1332 1096 1374 ma·

59 1405 238 1490 trimeuio,
259 1408 294 1474 in
317 1409 351 1474 id
373 1407 643 1491 tautumteneri,
671 1420 828 1497 quantem
846 1410 951 1475 l'ae'ere
973 1421 1093 1502 petest.

60 1505 184 1574 Temen
207 1510 253 1591 si,
277 1535 378 1601 quum
400 1513 507 1597 facere
528 1510 575 1577 nil
597 1511 720 1600 pessit,
753 1512 860 1576 detem
883 1512 1035 1595 solverit,
1059 1515 1095 1582 iu

60 1631 98 1673 ea
115 1633 219 1675 eausa
242 1624 327 1694 est,
347 1622 383 1677 ut
410 1623 558 1702 repetere
586 1635 653 1678 nen
678 1612 804 1701 pessit,
832 1603 908 1703 arg.
932 1613 1095 1707 Ulpianus

60 1710 375 1780 mbastbb
1084 1778 1089 1787 .

144 1813 176 1877 ll.
204 1814 302 1880 Pater
329 1816 519 1885 deminuere
539 1816 765 1910 peculietenus
787 1803 911 1882 tantum
930 1828 1095 1904 tenentur,

62 1915 90 1980 si
112 1940 185 1983 cum
208 1918 250 1984 iis
272 1919 312 1984 de
333 1921 463 2008 peculio
484 1921 527 1986 ait
557 1930 675 1985 actum.
727 1918 871 2000 Temen,
904 1921 933 1984 si
956 1945 1014 2008 per
1036 1917 1095 1988 im·
1149 1925 1152 1933 ‘

61 2020 265 2106 prudentiam
288 2021 364 2109 plus
386 2042 483 2110 quam
504 2021 538 2085 ib
560 2019 691 2109 peculio
712 2029 782 2101 est,
805 2020 982 2107 solverint,
1003 2047 1095 2113 repe·

62 2132 131 2187 tere
153 2146 219 2187 nen
243 2129 400 2211 possunt,
420 2146 495 2213 arg..
515 2122 539 2188 l.
562 2125 617 2188 ll.
640 2121 685 2187 D.
709 2120 782 2205 eod.

145 2224 178 2288 3.
200 2224 240 2289 ln
261 2225 347 2290 diem
369 2225 598 2291 debiter‘adee
622 2223 748 2290 debitor
767 2235 832 2308 est,
855 2236 891 2291 nt
912 2237 986 2294 ante
1007 2228 1095 2295 diem

59 2323 204 2389 solutum
227 2334 374 2415 repetere
393 2351 459 2393 nen
475 2327 601 2417 pessit,
622 2350 691 2416 arg.
717 2327 741 2391 l.
769 2328 824 2393 10.
842 2327 886 2393 l).
910 2329 982 2394 eod.

145 2427 181 2492 d.
204 2427 403 2496 Naturaliter
423 2432 519 2496 etiam
540 2453 652 2497 servus
676 2429 860 2518 obligatur,
892 2442 925 2496 et
947 2432 1020 2498 ideo
1033 2479 1042 2516 ‚
1065 2436 1095 2500 si

62 2531 137 2621 quis
169 2531 301 2597 nemine
336 2533 408 2619 ejus
431 2534 558 2617 solvat,
580 2533 633 2599 vel
661 2533 731 2620 ipse
753 2530 992 2617 manumissus,
1028 2537 1096 2620 vel,

64 2645 101 2699 nt
123 2634 324 2723 Pomponius
347 2635 481 2717 scribit,
515 2658 556 2700 ex
578 2634 732 2723 peculio,
767 2633 861 2718 cujus
883 2634 1018 2702 liberam
1040 2639 1097 2704 ad·

62 2737 333 2804 ministrationem
354 2737 493 2804 habebut
501 2783 514 2822 ,
536 2735 641 2826 repeti
656 2760 721 2801 non
744 2737 885 2824 poterit,
908 2760 976 2827 arg.
1001 2740 1025 2804 l.
1040 2743 1094 2814 13.

61 2865 114 2930 pr.
140 2841 184 2907 Ι).
206 2842 248 2908 de
273 2842 370 2907 cond.
396 2842 491 2927 ind,
526 2843 551 2908 l.
574 2840 630 2904 83.
650 2839 694 2905 D.
719 2841 759 2906 de
788 2842 850 2907 sel.
874 2851 906 2906 et
927 2842 987 2907 lib.
1007 2842 1094 2911 Cen·

60 2954 110 3009 tra
134 2953 166 3008 et
189 2943 219 3009 ai
240 2944 328 3034 qued
350 2945 501 3011 dominus
529 2966 623 3009 servo
652 2941 783 3025 debuit,
813 2943 1011 3010 manumisso
1032 2945 1097 3015 sol·

61 3045 122 3129 vit,
145 3047 291 3135 quamvis
313 3048 500 3113 existimans
523 3047 555 3112 ei
573 3046 682 3134 aliqua
704 3045 808 3112 teneri
830 3045 972 3129 actione,
988 3057 1096 3117 tamen

62 3160 210 3237 repetere
232 3173 297 3220 neu
317 3151 459 3240 peterit,
492 3151 569 3241 quia
596 3148 741 3244 naturale
770 3147 915 3235 debitum
943 3149 1095 3240 agnovit,

60 3275 132 3340 urg.
157 3250 182 3315 l.
203 3251 261 3315 ssd.
285 3251 386 3317 tre-h.
409 3263 435 3319 t.
978 3315 981 3321 .

61 3400 66 3408 ,
120 3381 121 3385 ¹
146 3344 180 3418 5ss
200 3353 281 3418 ltem
304 3354 392 3443 qued
413 3353 560 3444 pupilles
581 3352 653 3419 sine
674 3353 792 3420 tutoris
813 3353 1004 3422 auctoritate
1025 3378 1096 3421 mu·
1172 3350 1176 3359 ’

62 3457 156 3522 trium
176 3457 305 3546 accepit
324 3468 357 3522 et
377 3458 571 3547 locupletior
591 3458 694 3522 lactus
718 3468 786 3538 est,
817 3457 846 3523 si
867 3457 971 3547 pubes
989 3458 1094 3525 laetus

63 3559 193 3640 solvat,
207 3573 281 3623 »nen
305 3559 434 3648 repetit.
478 3558 561 3625 Nam
582 3560 644 3625 bec
658 3571 771 3625 nutura
793 3585 933 3650 aequum
956 3572 1017 3642 est,
1039 3584 1095 3626 ne·

63 3662 185 3726 minem
214 3684 287 3726 cum
324 3662 458 3728 alterius
490 3663 681 3729 detrimento
719 3663 791 3730 fieri
824 3663 1094 3752 locupletiorem,
1141 3686 1188 3783 ἢ

60 3786 132 3850 arg.
156 3763 180 3827 l.
206 3760 317 3854 13.=§.
343 3767 376 3828 l.
400 3763 480 3830 etl.
503 3765 559 3832 ll.
584 3764 626 3831 D.
650 3767 684 3830 b.
709 3775 732 3830 t.
1130 3764 1157 3810 ·'

60 3894 79 3910 -·
147 3865 182 3928 6.
203 3864 294 3930 luter
314 3877 437 3954 putrem
457 3867 627 3956 liliumque
647 3868 805 3934 naturalis
826 3879 952 3936 constat
973 3869 1096 3960 obliga-

64 3966 124 4031 tio.
151 3997 155 4011 ·
178 3964 257 4032 Ideo
276 3967 305 4033 si
329 3977 421 4056 pater
443 3969 510 4034 tilio
525 3968 727 4051 crediderit,
758 3970 854 4060 isque
876 3975 1096 4064 emancipatus

63 4069 186 4151 solvet,
216 4092 282 4136 nen
300 4071 438 4160 repetit,
470 4072 499 4137 si
520 4073 652 4161 quidem
688 4073 736 4139 nil
776 4100 818 4141 cx
849 4076 977 4165 peculio
1010 4076 1097 4164 apud

64 4165 188 4263 patrem
208 4174 431 4242 remanserit..
466 4173 548 4245 Nam
577 4200 708 4246 munere
724 4179 906 4253 naturalem
928 4178 1096 4268 obligatio·
