2572 4800
504 152 530 207 ἲ

498 404 779 483 ..129-

116 632 183 676 uon
216 608 398 692 minuitur,
434 606 694 698 sed'iguomioia
723 617 847 681 batem
872 620 1012 675 notatur.
1058 610 1150 696 Quae

116 712 294 802 ignominia
312 711 410 779 simul
429 734 503 778 cum
525 711 685 776 bonorum
707 709 921 798 possessione
935 711 1006 776 data
1022 710 1151 779 initium

117 815 223 903 capit,
243 836 350 905 neque
371 815 461 880 aliud
482 812 832 902 quidquam¹requirit
883 812 921 877 ld
950 813 1067 879 Cicero
1089 819 1152 907 pr'o

119 913 254 998 Quintio
281 939 311 983 c.
328 917 383 981 15.
413 925 549 980 testatur
575 912 627 977 bis
647 913 777 979 verbisr
823 914 945 998 „cujus
966 940 1043 982 vero
1067 919 1151 984 bona

116 1017 298 1100 venierunt,
323 1017 418 1102 cujus
441 1039 506 1082 non
530 1015 625 1080 modo
648 1015 725 1081 illae
745 1015 962 1103 amplissimae
989 1019 1151 1103 fortunae,

117 1118 292 1196 sedetiam
316 1119 419 1183 victus
447 1118 650 1207 vestitusque
676 1118 880 1183 accessirius
907 1118 968 1183 sub
991 1144 1152 1209 praecone

118 1243 192 1288 oum
215 1221 372 1286 dedecore
395 1220 562 1306 subjectus
583 1230 651 1302 est,
686 1220 714 1285 is
743 1242 809 1286 non
839 1220 935 1285 modo
955 1243 996 1285 ex
1019 1244 1155 1291 numero

117 1321 260 1388 virorum
282 1321 496 1402 exturbatur,
526 1323 605 1405 sed,
638 1309 668 1387 si
690 1321 762 1387 lieri
783 1332 913 1411 potest,
945 1323 1029 1388 inira
1058 1326 1158 1395 ortam

118 1435 263 1491 mortuos
279 1425 479 1490 amandetur.
510 1424 599 1513 Ergo
617 1423 763 1489 Hercule
777 1424 973 1509 cujus-bona
990 1449 1030 1491 ex
1048 1426 1156 1494 edicto

118 1528 349 1620 possidentur,
383 1527 483 1612 hujus
508 1527 615 1608 omnis
637 1526 719 1589 soma
738 1535 772 1589 et
789 1526 982 1591 existimatio
1004 1551 1077 1594 cum
1098 1529 1156 1594 bo·

118 1632 173 1697 nis
196 1630 295 1695 simul
315 1628 513 1717 possidetur.
564 1626 617 1693 De
637 1649 703 1716 quo
731 1625 837 1692 libelli
868 1627 901 1692 in
934 1629 1157 1705 celeberrimis

118 1729 204 1796 loeis
228 1739 474 1818 proponuntur,
512 1729 589 1793 buie
613 1751 655 1791 ne
682 1727 791 1815 perire
822 1729 952 1817 quidem
980 1730 1077 1797 tacite
1100 1730 1157 1798 ob·

121 1855 282 1922 scureque
302 1831 512 1913 conceditur,
536 1830 590 1895 cni
612 1828 758 1919 magistri
778 1829 862 1895 liunt
882 1842 915 1897 et
936 1831 1060 1897 domini
1081 1858 1157 1901 con·

121 1932 430 2023 stituuntursaqot,
469 1956 532 2023 qua
556 1933 629 2021 loge
657 1943 691 1996 et
722 1942 785 2019 qua
814 1932 1001 1998 conditione
1034 1947 1156 2024 pereat,

121 2036 371 2126 pronuntientur·
384 2036 431 2100 de
466 2057 531 2123 quo
553 2034 687 2100 bomine
710 2032 881 2120 praeconis
903 2056 966 2098 vox
994 2036 1158 2122 praedicat

123 2149 156 2204 et
177 2137 489 2227 pretium'conlieit,
512 2135 588 2202 buie
607 2135 947 2212 acerbissimumvivo
969 2123 1161 2230 videntique

120 2240 233 2305 funus*
253 2239 403 2322 ducitur,
433 2239 462 2305 si
490 2240 591 2305 funus
620 2239 654 2304 id
683 2238 867 2304 babendum
898 2238 961 2321 eit,
997 2236 1158 2329 quomo

122 2340 219 2406 omisi
240 2339 438 2407 conveniunt
458 2340 499 2406 ad
526 2340 699 2431 exsequias
720 2324 996 2422 coimmundos,
1023 2336 1161 2410 sed'bo·

123 2465 239 2508 norum
264 2456 402 2530 emtores
441 2454 479 2509 ut
504 2444 673 2510 carnifices
711 2443 752 2508 ad
782 2439 938 2532 reliquias
967 2442 1051 2508 vitro
1074 2444 1159 2512 laee-

124 2546 243 2611 randas
261 2557 300 2612 et
326 2546 584 2611 distrahendas&
618 2585 660 2598 -
688 2544 730 2610 Et
759 2544 894 2635 quia-iu
922 2541 1007 2610 attio
1027 2562 1161 2638 quoque

125 2649 272 2738 partibus
300 2647 341 2713 ad
373 2646 619 2738 similitudinem
649 2669 764 2717 manus
795 2645 983 2732 injectionis
998 2658 1039 2712 et
1054 2644 1186 2736 bujus¹
1257 2682 1260 2687 ·

125 2750 324 2818 bonomriae'
337 2748 556 2816 exsecutionis
576 2747 720 2833 anianum
741 2748 908 2815 advertere
929 2747 1062 2834 studui,
1087 2776 1162 2819 eon·

127 2854 200 2922 deor
222 2862 255 2917 et
271 2855 329 2918 bac
349 2863 440 2942 parte
461 2852 620 2942 attingere
641 2851 746 2917 lubet.
789 2851 950 2917 Addictus
972 2854 1076 2942 capite
1095 2878 1166 2920 non-

83 3017 86 3021 .
126 2954 353 3039 minuebatur,
390 2955 448 3020 sed
480 2953 646 3019 infamiam
673 2964 797 3019 tautum
822 2954 1023 3039 incurrebat,
1055 2980 1171 3047 neque,

128 3068 245 3147 postea
272 3080 332 3145 per
362 3055 523 3122 vindicem
548 3053 602 3121 vel
624 3054 722 3144 plena
744 3055 914 3145 solidaque
942 3058 1104 3125 solutione
1119 3082 1164 3124 ca

127 3157 265 3252 purgari,
277 3167 414 3246 poterat.
459 3158 537 3224 Ideo
556 3157 652 3232 etiam
672 3158 789 3225 Cicero
810 3159 834 3226 l.
848 3152 894 3243 css,
916 3183 1002 3244 raro,
1024 3161 1083 3242 ait,
1104 3161 1163 3227 bo·

129 3285 247 3328 norum
267 3259 508 3350 possessionem
530 3260 600 3327 dari
621 3261 762 3346 majores
787 3261 952 3348 voluisse,
985 3270 1165 3351 praetores,

129 3376 167 3430 ut
188 3365 390 3431 considerate
411 3365 525 3445 lieret,
547 3386 762 3453 comparasse.
806 3362 892 3427 Tum
918 3364 1048 3454 pergitr
1074 3363 1167 3447 „viri

129 3466 211 3533 boni
244 3490 345 3556 quum
372 3466 477 3556 palem
506 3465 718 3549 fraudantur,
750 3488 851 3554 quam
882 3466 1077 3555 experiundi
1107 3488 1166 3554 po·

129 3580 230 3639 testas
255 3579 410 3651 nonest,
445 3567 556 3635 timide
578 3579 684 3634 tameo
714 3578 747 3632 et
773 3568 972 3657 pedetentim
1006 3569 1089 3632 istuc
1112 3564 1167 3632 tls·
1264 3628 1268 3639 ,

130 3671 309 3751 scendunt,
332 3671 364 3735 vi
385 3694 425 3737 ac¹
443 3670 635 3737 necessitate
655 3670 779 3753 coacti,
808 3669 925 3752 inviti,
946 3669 1059 3735 multis
1079 3664 1168 3734 mota
1251 3719 1254 3725 .

130 3775 251 3841 moniis
273 3773 431 3856 desertis,
453 3797 550 3866 saepe
572 3773 662 3838 illusi
682 3796 719 3838 ac
749 3771 907 3841 destituti.
952 3771 1189 3837 Considerant'

133 3876 221 3940 euim
237 3876 317 3966 quid
338 3885 371 3940 et
388 3887 543 3965 quantum
561 3875 604 3940 sit
623 3875 757 3940 ulterius
772 3875 856 3940 bona
874 3875 1112 3964 proscriberet
1125 3893 1169 3924 -'·-

132 3978 219 4043 Gom
239 3979 298 4044 bac
324 3987 431 4041 autem
462 3978 623 4044 bonorum
653 3977 841 4043 venditione
867 3977 1049 4043 introducta
1072 3977 1171 4064 simul

133 4090 167 4144 et
186 4077 275 4144 eliud
297 4080 376 4169 quid
396 4079 584 4146 innovatum
605 4078 756 4147 arbitror.
806 4079 907 4168 Apud
940 4079 1058 4164 Gejom
1081 4078 1169 4144 enim

85 4227 88 4235 ι
132 4180 295 4272 legimus,
334 4180 416 4271 legis
449 4181 612 4251 actionum
639 4193 785 4272 tempore
818 4176 867 4246 in
883 4202 948 4246 usu>
965 4178 1101 4263 ¹tuisse,
1135 4169 1170 4245 ut

332 4288 343 4301 ‘
884 4280 928 4346 ’9
