2572 4800
577 442 628 459 -
677 395 854 475 did-

199 601 333 689 beetur,
365 624 463 692 qoem
484 601 648 669 eoeietetis
660 601 682 682 ,“
706 621 767 689 pro
791 600 881 666 soeio
901 599 1027 690 egendo
1056 620 1237 691 oonseqns·

199 716 255 771 tor
276 706 421 779 dotorum
443 704 716 785 redhibitionem
737 713 770 768 et
790 703 833 768 ito
858 703 893 769 in
914 702 987 768 eliis
1009 701 1176 768 omnibns.
1196 732 1238 755 -ὴ

200 806 267 890 Qui
297 808 461 875 notionum
489 830 568 878 usus
597 805 775 895 unieoiqoe
806 806 841 871 in
861 817 1012 897 promptu
1035 818 1105 889 est,
1128 829 1236 895 neque

199 908 364 990 obnormis
390 920 423 977 et
450 933 467 979 t
497 909 724 976 en'mntonibns
753 908 897 1000 ipsarum
927 910 1090 976 notionum
1113 909 1236 999 regeniis

199 1012 379 1085 abhorrens
399 1011 547 1095 videtur,
569 1012 655 1079 sient
671 1016 707 1078 e.
730 1038 762 1102 g.
786 1008 891 1096 emti,
906 1013 1049 1095 venditi,
1072 1036 1175 1102 qnnrn
1198 1014 1237 1091 de

199 1125 294 1203 ponto
327 1111 434 1204 ipsum
465 1114 631 1203 negotium
663 1114 847 1182 resolvente
879 1115 1004 1206 egitur-3
1035 1117 1094 1182 sed
1127 1119 1237 1207 potios

199 1217 344 1307 vulgaris
366 1228 399 1283 et
420 1217 617 1298 eommunis,
638 1216 731 1306 qoin'
745 1218 841 1283 etiem
863 1219 993 1300 uniens,
1016 1218 1101 1285 sient
1123 1220 1159 1285 in
1185 1220 1237 1285 de·

199 1319 331 1409 posito,
355 1344 456 1409 quiem
478 1319 619 1409 depositi
641 1319 726 1385 notio
746 1344 921 1411 nomqoern
943 1321 1149 1404 intendatur,
1173 1321 1238 1387 nisi

199 1422 399 1515 poenitentis
421 1423 513 1511 prius
530 1434 610 1489 oete.
655 1420 751 1506 Quod
764 1422 848 1490 bene
864 1425 1042 1491 notandum
1058 1437 1118 1493 est.
1157 1425 1239 1491 Inde

201 1525 384 1598 enimiuee
404 1526 529 1592 elesius.
545 1537 700 1617 epperet,
729 1549 824 1615 quem
845 1526 1015 1593 familiaris
1039 1528 1084 1593 sit
1103 1526 1175 1616 jori
1194 1526 1239 1592 ei·

91 1640 95 1646 '
199 1627 258 1696 viii
281 1629 505 1719 poenitentis,
528 1635 560 1693 bt
581 1652 676 1717 qoem
698 1628 835 1716 longos
857 1650 933 1691 vero
954 1627 1062 1694 obsint
1082 1628 1157 1710 illi,
1181 1629 1239 1719 qni

201 1732 366 1821 singulare
377 1732 437 1817 jos
458 1730 668 1797 innominatis
687 1729 906 1797 contractibus
927 1730 1004 1796 inde
1022 1731 1239 1812 constituunt,

200 1834 254 1899 vel
280 1833 411 1923 longios
432 1833 528 1898 etiem
544 1831 736 1921 progressi,
769 1831 912 1897 mandati
940 1834 993 1899 vel
1020 1833 1165 1925 depositi
1187 1853 1240 1899 oe·

159 2020 164 2033 .
200 1947 292 2004 torre
316 1935 501 2026 specialiter
529 1935 563 2001 id
582 1934 783 2008 edseribnnt.
803 1975 847 1988 --

262 2038 338 2110 .Ex
365 2040 516 2105 omnibus
536 2050 664 2118 sutem,
692 2061 776 2127 quoe
801 2039 841 2103 de
863 2037 1046 2103 actionibus
1068 2036 1238 2128 poeniten·

86 2218 90 2231 ¹
158 2216 161 2223 ,
200 2144 243 2211 tis
265 2143 427 2223 disserui,
461 2153 611 2223 emanet,
645 2141 730 2205 inter
750 2141 933 2206 nominatos
950 2141 1239 2231 ,innominetosque

201 2259 384 2314 contrectes
400 2245 522 2311 nolionr
540 2255 658 2309 tentem
674 2244 876 2310 intercedere
890 2244 1120 2327 differentium,
1136 2269 1239 2334 qnon-

202 2360 265 2414 teeo
288 2348 370 2415 siios
393 2348 589 2414 constituere
610 2345 705 2411 initio
733 2347 855 2412 notavi.
900 2347 939 2412 in
971 2349 1118 2439 utrisque
1152 2350 1239 2415 enirn

203 2450 385 2543 poenitenti
399 2449 553 2537 competit
571 2449 746 2516 eondietio.
764 2486 808 2501 --
828 2449 996 2517 Praetereo
1017 2452 1052 2517 in
1074 2452 1240 2518 nominate

157 2546 163 2557 ’
201 2566 370 2623 eontreotn
395 2553 557 2618 nominate
579 2553 662 2619 aetio
693 2551 855 2618 ntiiis'est
877 2554 1077 2642 poenitenti,
1100 2555 1187 2620 sieut
1205 2556 1237 2622 in

163 2730 165 2735 ,
202 2657 404 2725 innomineto
425 2656 465 2719 Ρ.
482 2654 526 2720 V.
544 2656 627 2721 aetio
642 2666 674 2721 et
691 2655 871 2744 poenitenti
891 2659 1038 2724 sufficere
1059 2670 1182 2748 potest.
1197 2648 1239 2711 -ὲ

215 2801 219 2809 ·
287 2759 465 2848 Postquam
495 2770 602 2822 eutem
635 2758 776 2823 vidimus
808 2759 849 2825 de
877 2759 1085 2845 actionibus,
1118 2763 1238 2853 quibos

203 2859 375 2952 poenitens
396 2861 512 2944 utitor,
533 2859 699 2927 videamus
720 2886 807 2945 nune
829 2887 870 2928 ox
891 2864 1004 2930 ordine
1026 2888 1126 2954 supro
1149 2864 1237 2931 iusti

203 2977 299 3049 toto,
322 2988 406 3055 quoe
425 2964 479 3029 bis
499 2963 681 3030 notionibus
702 2965 825 3053 opponi
839 2966 980 3054 ¹possint
1000 2991 1041 3032 ex
1061 2977 1157 3056 perte
1178 2967 1237 3050 rei,

72 3077 74 3081 ’
122 3096 125 3103 ’
204 3093 246 3134 ne
264 3067 464 3158 poenitentia
486 3067 619 3132 alterius
641 3067 734 3132 elteri
763 3068 868 3146 iioeiet
898 3069 1061 3154 injuriam.
1087 3109 1132 3121 -
1169 3071 1237 3154 Quo

204 3171 239 3238 in
260 3170 451 3260 quaestione
466 3170 577 3260 regulo
594 3194 635 3235 ex
651 3170 754 3258 ipsios
773 3170 992 3258 poenitentioe
1008 3185 1121 3237 nature
1136 3182 1238 3237 sumto

204 3298 361 3340 somniem
383 3274 483 3339 totius
511 3273 677 3339 continere
705 3272 851 3353 videtur,
882 3273 938 3337 ilio
960 3297 1027 3357 se,
1057 3296 1143 3364 quoe
1166 3297 1238 3363 poe·

96 3392 98 3395 ’
204 3376 322 3441 nitenti
344 3375 510 3466 injungit,
533 3385 571 3440 ut
588 3375 716 3467 otonis,
741 3398 956 3465 quaeeunque
977 3387 1112 3467 propter
1135 3376 1239 3467 ipsius

204 3477 378 3568 pristinum
400 3478 597 3560 eonsilium,
631 3478 830 3567 poenitentis
852 3490 946 3561 sete,
979 3490 1099 3545 motato
1127 3479 1239 3545 riden-

204 3595 278 3666 tur,
307 3583 343 3649 in
363 3582 538 3672 pristinum
559 3592 685 3647 stetum‘
706 3582 849 3647 redueat.
903 3580 1050 3657 Tenetur
1078 3578 1239 3670 igiturne!

204 3685 414 3752 restituendo:
432 3704 647 3774 qneeeonqoe
678 3684 803 3750 retione
837 3685 945 3773 eoepti
974 3684 1096 3774 negotii
1132 3705 1240 3772 neque

70 3820 97 3848 s
204 3787 290 3853 finiti
312 3788 429 3853 obsum
463 3811 532 3853 ren.
553 3826 597 3840 -·-
631 3786 723 3872 Qnso
751 3786 945 3877 resperso
973 3787 1058 3854 olore
1078 3784 1240 3875 exemplis

205 3890 451 3979 corroboretur,
470 3914 556 3982 quae
576 3891 683 3956 omnia
705 3915 827 3957 sontem
849 3913 890 3956 ex
911 3889 937 3954 iz
954 3890 987 3956 5.
1011 3888 1054 3955 Ι).
1080 3889 1121 3955 de
1143 3889 1239 3954 eond.

150 4073 154 4080 ι
206 4019 237 4061 ο.
261 3993 294 4059 d.
319 4015 349 4059 e.
380 4018 423 4058 oz.
445 4018 473 4060 s.
525 3994 635 4059 Primo
663 3994 790 4084 speeies
820 3993 889 4080 jem
907 4015 1020 4087 'supro
1049 3991 1151 4056 reiete
1180 4002 1239 4056 est.

204 4097 293 4164 Dedi
312 4095 374 4183 tibi
395 4096 566 4186 peonniern
588 4108 625 4164 ut
646 4098 790 4189 Ceponm
813 4120 889 4181 ees,
910 4094 1028 4160 deinde
1049 4105 1163 4183 pereto
1182 4092 1244 4159 tibi

208 4201 248 4266 ed
268 4200 539 4292 proiieiseonduoe
559 4200 882 4292 conditio-temporis
901 4199 953 4264 voi
973 4196 1170 4264 valetudinis
1187 4195 1243 4265 ito·
