2572 4800
480 415 737 492 ..ῃ-

87 619 238 710 primori.
273 620 399 704 'Quem
424 643 550 689 morem
580 624 695 709 postes
716 620 875 687 Claudius
908 623 1133 691 imitdrisoio·
1234 620 1237 631 ’

87 723 155 789 bat.
200 723 352 813 (Sueten.
373 722 409 788 in
430 723 592 805 Claudio,
620 723 749 812 ΜΩ.)
770 724 1025 815 Cognitionibus
1046 727 1135 793 enim

87 827 353 916 magistratuum,
376 836 413 891 ut
434 849 521 891 unua
543 851 562 892 e
584 826 796 908 consiliariis,
820 829 1014 918 frequenter
1028 830 1135 895 ‘intor-

87 929 162 994 suit.
196 930 375 995 Fuitzbaec
394 941 484 994 certe
504 942 651 995 veterum
672 941 856 1019 temporum
874 931 1011 1010 imitatio
1034 944 1066 998 ct
1087 934 1135 1000 at·

87 1031 233 1098 sectatio.
277 1030 456 1097 Manebant
471 1032 569 1097 etiam
593 1044 667 1098 tona
679 1033 817 1124 vestigia
837 1034 1009 1100 morientis
1035 1035 1135 1101 libera

88 1136 175 1201 tatis.
225 1134 324 1201 Cont.
348 1137 485 1224 pa'iupb.
510 1135 663 1226 Tbeopb.
681 1136 717 1202 in
740 1133 771 1227 §.
786 1137 825 1219 d,
846 1136 881 1201 ὅ.
904 1136 932 1202 Ι.
959 1137 1018 1226 qai
1039 1148 1073 1202 et
1087 1159 1136 1205 ex

88 1237 181 1327 quib.
213 1261 302 1304 caus.
336 1275 378 1289 -
419 1238 460 1302 L.
484 1238 518 1302 2.
548 1237 590 1306 Ι).
620 1239 717 1328 quod?
741 1239 853 1328 quisq'.
873 1238 945 1326 jur.
972 1278 1015 1293 -
1057 1241 1134 1324 Quo

87 1340 161 1407 loco
184 1341 389 1428 Paulus'jus
414 1339 577 1407 dicentem
606 1341 648 1405 ab
670 1364 835 1407 cssessore
866 1354 1014 1432 separat,
1049 1345 1136 1412 sicut
1216 1385 1222 1409 ι
1261 1353 1264 1363 '

87 1444 218 1509 Plinius
248 1454 280 1508 et
300 1442 417 1509 Cicero
444 1442 660 1529 judicantem¹
678 1443 720 1508 ab
750 1445 904 1538 eosqui
930 1445 964 1510 in
994 1444 1136 1517 'consilio

87 1548 189 1623 adest.
237 1545 309 1637 ,Sed
331 1545 485 1634 pluribus
505 1545 591 1611 locis'
614 1544 680 1635 qui·
692 1547 836 1634 praetori
864 1548 901 1612 in
922 1550 1062 1616 consilio
1086 1570 1136 1615 aa·

87 1651 218 1734 uident,
249 1662 281 1716 et
302 1648 368 1738 ipsi
386 1647 517 1736 judiees
544 1649 827 1739 sunt=appellati3
853 1675 933 1742 arg.=
949 1653 975 1718 l.
999 1653 1055 1718 to.
1088 1651 1135 1718 Dr

88 1755 129 1818 de
150 1776 293 1817 manum.
318 1751 439 1837 vindic.
455 1776 465 1836 3
491 1751 516 1816 l.
530 1754 562 1816 t.
580 1750 620 1817 C.
634 1752 686 1818 'de
697 1752 790 1819 vind.
810 1757 946 1844 etapud
958 1779 1053 1823 com.-
1068 1779 1135 1822 mse

87 1879 179 1920 num.
225 1852 291 1937 Qui
313 1853 446 1942 potest?
468 1853 556 1935 ideo,
574 1853 704 1943 quiais,
732 1856 790 1945 qui
807 1857 866 1942 jus
889 1856 991 1942 dicit,
1017 1860 1065 1926 nil
1081 1870 1135 1926 eoi

88 1979 254 2046 gnoscere*
271 1969 341 2021 aut·
366 1957 544 2022 decernere
576 1968 685 2043 potest
706 1958 779 2022 sine
800 1961 918 2026 borum
947 1962 1133 2039 sententiis.¹

56 2101 59 2107 ·
88 2059 364 2148 Quotiescunque
376 2059 483 2148 igitur
503 2082 619 2124 causae
649 2061 837 2151 cognitione
866 2064 956 2153 opus·
971 2078 1063 2148 erat,
1098 2067 1135 2133 bi

88 2160 348 2247 adhibebantur3
376 2167 535 2250 praetoris
566 2174 653 2229 certe
670 2164 835 2250 judicium
860 2166 949 2252 erat,
979 2170 1038 2233 sed
1058 2191 1134 2234 eum
1171 2192 1173 2196 ·

88 2272 269 2331 assessores
292 2264 519 2349 instruebant,
548 2267 644 2332 etde
668 2291 781 2333 eornm
803 2270 971 2335 sententia·
986 2269 1135 2337 adeunti·

88 2369 148 2436 bus
184 2370 314 2434 decreta
343 2371 558 2458 pronuntiare
586 2370 724 2436 solebat.
790 2372 872 2437 lnde
902 2372 1009 2456 iliud,
1044 2372 1135 2463 'quod

87 2474 173 2564 apud
196 2473 348 2562 antiquos
371 2472 553 2539 innumeris
587 2496 690 2561 paene
719 2473 801 2539 locis
835 2475 1040 2542 invenimusr
1065 2473 1135 2557 „de
1224 2512 1225 2517 κ

88 2577 221 2643 consilii
242 2577 450 2658 sententia”,
482 2576 637 2665 quodque
658 2575 765 2640 tribua
788 2575 841 2642 bis
865 2578 987 2644 litteris
1009 2576 1134 2666 siguifi-

91 2679 177 2745 cari:
216 2678 260 2742 1).
284 2678 323 2743 C.
351 2677 410 2760 S.,
432 2701 474 2742 ex
496 2677 623 2743 Valerii
643 2677 746 2744 Probi
763 2679 851 2765 juris
874 2683 961 2747 notis
984 2689 1132 2770 apparet.

90 2783 161 2866 Qua
189 2781 230 2846 de
251 2781 488 2847 consuetudine
523 2781 669 2870 cogitans
701 2782 818 2848 Cicero
845 2783 944 2849 Verri
973 2796 1011 2849 ut
1040 2807 1133 2861 ‚sum-

89 2910 177 2952 mum
217 2886 311 2950 netas
357 2883 583 2974 flagitiumque
629 2883 761 2972 saepius
801 2885 835 2948 in
882 2886 1006 2950 crimen
1049 2864 1134 2971 obji-

89 2991 155 3070 cit,
198 2987 287 3077 quod
324 2986 498 3077 Sopatrum
542 2987 659 3068 illum,
694 2987 860 3052 bominem
909 2988 1133 3073 innocentem,
1177 3044 1180 3048 a

93 3091 173 3159 aC.
201 3089 376 3156 Sacerdote
406 3090 614 3173 absolutum,
641 3089 764 3156 indicta
795 3114 913 3172 causa,
944 3091 1133 3157 desenteu·

88 3194 131 3259 tia
150 3193 291 3274 scribae,
315 3193 447 3276 medici,
469 3192 654 3283 haruspicis
679 3193 955 3259 condemnaverit.
977 3231 1021 3245 -
1041 3195 1134 3260 ldem
1186 3228 1192 3247 ·

90 3298 152 3363 boc
175 3296 352 3361 consilium
375 3296 460 3361 illud
480 3308 548 3378 est,
572 3296 661 3385 apud
686 3296 775 3385 quod
799 3283 1046 3386 carrea·'eognita
1066 3319 1134 3361 ma·

88 3400 307 3468 numissiones
329 3400 429 3464 factas
451 3422 538 3482 esse,
560 3409 698 3464 constat.
743 3398 924 3489 Theophili
940 3398 1134 3465 'testimonio

89 3514 276 3571 contentum
299 3526 371 3567 esse
386 3503 541 3568 lectorem
557 3525 649 3592 rogo.
694 3501 880 3567 Libertatcs
898 3503 984 3569 enim
1005 3526 1133 3586 eorum,

89 3607 146 3696 qui
167 3606 255 3695 apud
275 3606 478 3692 magistrum,
496 3607 587 3692 justa
609 3608 650 3672 dc
667 3629 764 3672 causa
788 3606 824 3670 in
848 3606 991 3703 consilio
1013 3628 1133 3694 appro-

88 3710 179 3792 bata,
203 3708 396 3774 manumissi
417 3710 562 3791 fuerint,
596 3709 686 3774 omni
716 3709 813 3774 modo
842 3719 927 3772 ratas
948 3708 1064 3774 heberi
1085 3708 1133 3773 af·

88 3813 204 3878 firmat.
249 3811 357 3894 Tum,
387 3813 468 3903 quid
491 3814 534 3878 sit
558 3812 732 3879 consilium
757 3834 941 3900 quaerensz
966 3819 1058 3894 „cst,
1082 3810 1133 3874 in·

90 3918 183 4006 quit,
214 3941 388 3983 consessus
413 3928 576 3982 certorum
603 3915 749 3983 virorum
781 3914 874 3979 atatis
902 3914 980 3978 anni
1014 3911 1133 3977 diebus
1222 3939 1230 3945 ·

88 4019 289 4085 coeuntium.
339 4019 514 4086 Habebant
546 4032 653 4087 antem
683 4019 747 4082 boc
776 4017 952 4084 consilium
975 4038 1043 4080 non
1065 4013 1131 4079 Ro·

26 4200 30 4207 ·
88 4144 158 4188 mae
184 4134 329 4204 tantum,
365 4124 544 4192 sedetiam
574 4127 609 4191 in
630 4120 847 4214 provinciis.”
900 4119 988 4184 Tum
1010 4118 1131 4183 descri-

90 4225 154 4313 ptis
178 4225 419 4314 provinciarum
437 4231 601 4316 consiliis,
623 4250 722 4320 quem
744 4225 780 4292 iu
801 4223 934 4291 modam
955 4219 1132 4311 etquando
