2572 4800
444 319 454 481 J
468 421 520 440 -
559 354 649 462 fua
700 424 747 442 .-

97 580 197 646 aitera
219 589 310 668 parte
330 579 501 646 inditione
522 581 625 664 taeta,
646 582 676 644 si
694 577 1130 661 attentannottttndm,
1166 572 1169 579 ’

96 705 165 747 non
190 681 306 748 inimo
330 705 461 770 agemus
483 681 610 771 ntique,
634 681 723 770 quod
743 681 877 747 interest
897 692 1019 762 nostra,
1042 679 1133 744 illam

99 807 168 847 rem
200 784 383 873 accepisse,
419 785 459 848 de
485 805 550 873 qua
577 782 752 863 convenit,
785 781 843 847 sed
878 793 914 846 ut
940 803 995 845 res
1023 794 1134 848 nostra

97 896 211 951 ooutra
230 885 325 951 nobis
349 885 519 967 reddatur,
549 883 748 951 condictioni
768 883 861 949 loeus
882 892 950 962 est,
981 881 1077 970 quasi
1098 906 1133 946 re

98 1008 166 1052 non
185 989 327 1055 secuta”.
350 1022 393 1039 -—-
426 987 501 1070 Quo
522 986 556 1052 in
578 987 759 1075 fragmento
780 985 869 1050 nulla
890 983 927 1049 tit
948 983 1072 1049 mentio
1096 985 1133 1051 il·

98 1087 164 1155 lius
186 1088 401 1169 intentionis,
424 1112 488 1177 qua
512 1098 634 1153 tautum
655 1098 745 1176 peto,
766 1099 922 1176 quantum
944 1110 1015 1151 ruea
1036 1086 1134 1152 inter·

100 1202 163 1273 est,
185 1215 253 1256 reru
275 1190 522 1280 permutationis
543 1214 639 1256 eausa
659 1190 819 1271 traditam,
842 1190 946 1255 datam
963 1212 1133 1254 nonense.

99 1289 213 1358 Talem
243 1304 349 1357 auteur
378 1294 652 1383 computationem
672 1292 745 1378 ejus
774 1290 861 1380 quod
890 1290 1016 1380 agentis
1037 1290 1135 1357 iuter·

99 1405 170 1476 est,
208 1394 338 1461 invenio
368 1395 401 1461 in
423 1395 533 1486 speeie
560 1420 579 1461 a
606 1395 709 1460 Paulo
731 1392 917 1482 propositae
936 1394 1134 1478 ,maturatis

98 1517 191 1559 urens
220 1496 307 1562 iilius
332 1498 435 1565 seruit
461 1497 543 1579 tibi,
579 1507 613 1563 et
641 1509 717 1563 tuna
740 1497 829 1562 fliius
850 1496 960 1582 miti,
985 1498 1135 1564 convenit

100 1597 267 1677 internos
289 1612 325 1665 ut
346 1611 378 1666 et
405 1613 442 1666 tn
463 1613 571 1666 meum
598 1598 703 1665 fliium
724 1597 998 1680 manumitteros,
1022 1609 1055 1664 et
1076 1618 1135 1688 ego

100 1708 214 1783 tuum,
236 1724 295 1790 ego
312 1703 499 1784 ruanumisi,
521 1712 555 1765 tu
574 1725 640 1766 uon
660 1700 928 1766 munumisisti”.¹
953 1701 1025 1792 Ego
1040 1702 1080 1767 P.
1088 1703 1134 1768 v,

101 1822 192 1887 agam
216 1802 250 1866 iu
274 1816 316 1882 te,
341 1817 405 1885 „ut
426 1804 499 1890 ejus
521 1803 577 1866 fiat
597 1801 844 1885 condemnatio,
867 1803 980 1891 quanti
1003 1804 1136 1870 interest

90 1926 173 1997 'mea
194 1926 321 1968 servum
343 1905 482 1987 habere,
505 1928 604 1994 quem
626 1904 811 1969 manumisi.
836 1902 880 1957 -’-
900 1904 954 1970 An
977 1905 1144 1972 dedum.-

103 2006 180 2071 dum
203 2006 265 2070 erit
286 2006 374 2094 quod
401 2006 562 2072 libertum·
584 2005 712 2072 haboo‘i
756 2006 820 2071 Sed
850 2008 912 2072 hoo
939 2030 1005 2072 non
1031 2020 1135 2097 potest

101 2107 309 2192 aestimari’‘3
331 2132 399 2197 arg.
423 2108 447 2173 l.
466 2109 498 2174 5.
523 2131 574 2198 pr.
597 2119 630 2174 et
650 2106 688 2199 §.
703 2107 737 2172 5.
760 2106 804 2172 D.
825 2107 866 2172 de
887 2107 988 2188 ΡΝ.
1003 2147 1048 2161 -
1066 2111 1136 2178 Hoc

102 2221 210 2275 autem
222 2233 298 2301 easu
312 2208 517 2276 manifestum
530 2222 591 2293 eat,
614 2209 735 2276 nnllam
752 2197 846 2277 aliam
858 2210 1003 2300 patuisse
1018 2206 1135 2302 'agendi

102 2313 188 2378 riam
211 2324 243 2376 et
265 2312 472 2400 computandi
504 2313 682 2394 rationem,
712 2335 813 2400 quum
827 2313 927 2378 *servi
948 2315 1136 2380 manumissi

7 2452 9 2457 .
103 2414 266 2480 eondietio
288 2416 380 2481 nulla
400 2415 456 2497 sit,
479 2427 512 2479 et
534 2413 596 2479 filii
618 2413 772 2479 naturalis
793 2415 1017 2496 manumissio,
1041 2439 1135 2505 quam

104 2514 187 2581 niter
215 2516 521 2606 ineere'promisit‚
554 2516 676 2581 nullum
709 2515 845 2604 recipiat
871 2517 1134 2583 aestimationem.
1192 2534 1197 2541 '

104 2615 268 2706 intelligis
288 2626 416 2701 autem,
448 2641 544 2694 casus
573 2619 714 2685 existere
736 2641 853 2709 posse,
885 2619 919 2684 iu
942 2620 1063 2709 quibus
1084 2621 1138 2687 tri·

104 2718 183 2808 plex
211 2720 268 2785 itta
295 2721 411 2786 eiectio
443 2721 550 2787 locum
578 2723 714 2807 halreat5
749 2721 848 2787 veluti
877 2744 907 2786 e.
936 2748 968 2811 g.
1004 2723 1034 2787 si
1054 2723 1139 2813 panti

52 2833 54 2837 ‘
104 2843 235 2904 sumus,
265 2833 364 2888 utto
388 2824 423 2889 iu
445 2846 536 2904 meo,
573 2847 632 2912 ego
657 2824 768 2889 intuo
800 2823 870 2890 solo
892 2824 1079 2906 aedificem,
1107 2836 1138 2890 et

106 2946 167 3012 ego
187 2924 367 3006 aedificavi,
391 2937 427 2992 tu
443 2949 561 2992 cessas.
607 2926 678 3010 Qua
700 2926 733 2991 iu
752 2925 860 3015 specis
881 2949 977 3013 posse
997 2927 1139 3015 pretium

104 3024 244 3091 aeditioii
267 3026 417 3108 cundici,
438 3028 533 3116 quod·
548 3028 582 3093 iu
607 3040 664 3093 tuo
687 3027 748 3093 tibi
767 3027 946 3108 aedificavi,
967 3052 1064 3094 nemo
1085 3053 1139 3095 ne·

106 3128 206 3217 gabit.
259 3129 429 3215 Praeterea
462 3140 569 3196 autem
599 3141 632 3195 et
652 3129 691 3193 P.
714 3128 757 3194 V.
787 3129 857 3194 dari
876 3130 1036 3195 actionem
1059 3132 1138 3197 Pau·

50 3240 66 3315 ᾗ
103 3227 157 3297 lus
178 3240 269 3295 notat
297 3230 378 3298 inl.
397 3232 429 3294 5.
465 3230 619 3324 §.ML
643 3231 684 3295 de
707 3230 745 3296 P.
770 3230 835 3312 V.,
866 3255 930 3320 qua
953 3244 1009 3326 aut
1031 3233 1065 3300 id
1086 3258 1139 3324 pe·

104 3341 194 3410 tarn,
226 3332 315 3421 quod
350 3333 485 3398 interest
512 3357 628 3414 mea,
649 3333 738 3426 quod
769 3334 957 3417 aedificavi,
991 3359 1044 3401 me
1064 3356 1139 3402 ¹uon

105 3431 315 3516 aedificasse3
345 3444 400 3499 ant
425 3434 566 3524 denique
595 3434 653 3517 id,
692 3435 780 3524 quod
802 3437 936 3502 interest
957 3462 1041 3521 mea,
1065 3439 1141 3505 uite·

104 3554 176 3618 rum
199 3535 287 3622 quod
309 3536 480 3623 promisit,
502 3537 537 3601 iu
560 3560 631 3602 meo
653 3538 943 3608 nouanditieasse.
960 3551 1002 3594 -'-
1034 3540 1140 3631 Eligat

105 3648 211 3701 antem
225 3645 315 3704 autor
332 3662 401 3706 earu
419 3638 516 3719 viam,
537 3663 601 3728 qua
617 3640 793 3729 plurimum
814 3664 850 3705 se
865 3652 1138 3730 consequuturum

19 3760 22 3764 ·
105 3750 233 3824 sperut3
266 3739 363 3820 ideo,
395 3740 425 3805 si
452 3741 501 3807 nit
529 3741 685 3825 interest,
731 3754 796 3807 tum
819 3743 948 3809 domum
980 3746 1139 3812 condicet.

107 3836 201 3919 Quae
223 3849 327 3906 tamen
349 3843 426 3909 faeti
450 3843 552 3932 magis
574 3868 669 3932 quam
688 3845 775 3930 juris
799 3847 946 3934 quaestio
968 3860 1038 3930 est,
1060 3849 1144 3915 sieut

106 3951 139 4005 et
167 3940 203 4005 id
233 3940 360 4034 ipsum,
387 3944 467 4032 quid
489 3945 640 4030 intersit,
674 3947 708 4012 in
738 3949 823 4013 sueto
854 3949 968 4037 magis.
987 3967 1085 4039 quam
1109 3953 1143 4018 iu

101 4038 178 4124 jure
200 4043 378 4109 consistere
405 4046 535 4112 dieitur.
559 4085 600 4099 -
623 4048 697 4114 -Sut
718 4073 760 4113 ue
791 4050 873 4115 friso
903 4050 1142 4146 interpreteris,

107 4166 190 4231 quae
212 4145 402 4237 deuotione
425 4148 463 4217 P.
478 4149 521 4214 V.
546 4153 641 4218 modo
662 4151 823 4242 exposui,
845 4153 1008 4239 adjiciam,
1032 4179 1141 4247 quam·
