2572 4800
527 389 682 491 ...26
735 386 812 452 ..”

131 617 199 662 rem
222 593 459 686 actio-proprie
480 593 675 678 vocabatur3
714 593 783 682 ipsa
805 592 980 665 enimvox
1002 593 1177 659 actiotnd

130 700 165 764 in
188 719 359 788 personam
389 697 534 763 actiones
562 697 696 785 proprie
727 697 959 786 pertinuisse,
980 720 1021 760 ex
1044 697 1121 786 dig.
1136 698 1176 761 li·

128 801 198 868 bris
225 812 374 892 apparet.
429 798 642 865 Decemviros
675 798 777 888 igitur
805 799 952 864 stlitibus
984 798 1176 883 judicandis

129 905 170 969 de
210 902 245 969 in
268 904 347 968 'rem
386 902 571 967 actionibus
607 901 801 988 judicasse,
832 903 909 992 plus
956 925 1055 992 quam
1099 926 1175 990 pru·

127 1007 239 1072 babile
260 1018 322 1072 est.
369 1004 493 1072 Eadem
515 1005 615 1094 igitur
643 1005 684 1069 iis
706 1005 874 1094 provincia
892 1004 1046 1087 obvenit,
1076 1003 1175 1094 quam

123 1109 192 1197 jam
223 1106 332 1175 Criris
358 1107 554 1198 assignatam
585 1106 739 1172 vidimus.
766 1107 769 1113 ’
795 1108 887 1191 Quae
916 1108 1049 1197 quidem
1079 1109 1192 1173 alitcr'

39 1240 42 1244 ’
127 1211 276 1299 expediri
297 1235 364 1277 non
385 1221 544 1300 possunt,
563 1233 661 1298 quam
683 1211 713 1275 si
735 1210 936 1303 decemviros
959 1222 1084 1300 partem
1108 1235 1174 1277 rna·

126 1316 184 1406 gni
205 1314 294 1380 illius
317 1313 457 1381 Criralis
474 1313 596 1399 judieii
622 1313 727 1378 luisse
741 1314 902 1396 dicamus,
928 1315 1120 1380 >Accedunt
1134 1326 1175 1380 et

126 1419 201 1484 alia.
240 1416 356 1483 Livius
372 1416 460 1482 enim
480 1416 505 1480 l.
529 1439 583 1482 c.=
608 1415 694 1505 „qui
705 1415 891 1501 judicibus,
915 1417 1109 1483 decemviris
1120 1463 1128 1480 .
1141 1463 1172 1480 ..

126 1521 313 1603 nocuisset,
346 1520 418 1605 ejus
449 1529 548 1609 capnt
574 1518 652 1585 Jovi
680 1542 808 1584 sacrum
836 1521 942 1584 Ioret'’
965 1518 1077 1585 refert.
1129 1518 1175 1583 Et

124 1623 275 1690 consulto
295 1619 431 1711 ‘quidem
448 1620 706 1708 judicibus,
736 1646 804 1687 non
826 1622 934 1688 Cviris
957 1623 1058 1707 dicit,
1094 1623 1173 1711 qnia

125 1750 172 1793 sc.
198 1725 290 1791 Criri
311 1737 343 1790 et
364 1748 406 1790 cx
422 1724 594 1810 judicibus
617 1725 729 1789 stricto
762 1722 862 1790 sensu
895 1737 990 1790 etex
1013 1725 1172 1792 decemvi-

124 1828 170 1895 ris
193 1827 397 1893 constabant.
420 1865 464 1876 -·-
518 1825 584 1891 Sed
609 1838 642 1891 ct
666 1826 757 1892 aliud
789 1828 1074 1893 considerandum.
1119 1826 1172 1892 Ex

48 1999 50 2004 ,
124 1929 423 1999 innumerabilibus
452 1929 741 2014 enim‘veterum,
776 1930 947 1996 Ciceronis
979 1932 1171 2019 praesertim

123 2032 226 2114 lueis,
255 2043 459 2122 compertum
489 2031 668 2113 babemus,
694 2043 911 2121 praetorem,
948 2035 1078 2123 quotics
1110 2057 1171 2123 pro

87 2221 93 2228 1
122 2135 284 2202 tribunali
306 2134 547 2224 cognoscebat,
579 2135 753 2200 consIIinm
783 2137 973 2202 adhibuisse
1002 2136 1172 2202 doctorum

122 2237 417 2327 virorum‚·quo·d
441 2249 527 2326 ‘post
545 2236 651 2326 ipsius
680 2250 806 2328 tergum
839 2240 874 2304 in
905 2241 979 2328 ipso
1012 2235 1172 2306 tribunali

124 2341 339 2424 consedisse,
359 2340 536 2405 ¹Ammiani
604 2340 681 2405 libr.
707 2341 839 2406 XXIII.
863 2342 978 2406 infin.
1002 2343 1096 2407 testis
1110 2354 1172 2409 test

123 2442 177 2514 bis
199 2443 331 2509 verbisa
363 2442 432 2526 „ad
449 2363 666 2530 judidindum
690 2468 752 2510 usn
774 2468 882 2511 rerum
912 2445 1047 2535 spectati
1071 2447 1172 2514 desti·

109 2559 242 2612 ,uantur
262 2556 295 2612 et
317 2545 459 2635 iutegri‚
492 2544 607 2634 parum
640 2546 758 2612 alienis
792 2545 1169 2640 consiliis'indigen'tes3

121 2648 209 2712 unde
247 2658 391 2725 nostram
428 2648 490 2734 (sc.
523 2652 703 2737 romanam)
741 2653 1013 2718 consuetudinem
1045 2654 1169 2736 rident,

121 2772 206 2838 quae
227 2750 393 2816 interdum
423 2751 582 2815 Iucundos
606 2750 760 2841 jurisque
791 2755 920 2842 publici
951 2755 1169 2846 peritissimos

120 2865 196 2942 post
217 2852 423 2922 indoctorum
453 2854 593 2920 collocat
621 2856 747 2942 terga.”
768 2894 812 2906 -
866 2855 983 2924 Cicero
1016 2859 1056 2925 de
1084 2872 1169 2926 orat.
1211 2899 1213 2906 ·

120 2958 198 3023 libr.
221 2958 251 3040 I,
274 2982 305 3024 c.
327 2958 383 3023 37.
407 2969 531 3040 narrat,
556 2981 591 3023 se
615 2959 649 3022 in
666 2950 824 3024 tribunali
842 2961 885 3044 Q.-
901 2960 1053 3053 Pompeji
1077 2988 1169 3053 prae-¹

10 3053 12 3063 ”
120 3061 202 3151 toris
223 3061 362 3142 urbani,
400 3060 573 3125 familiaris
603 3062 656 3126 sui
678 3062 879 3129 consedisse.
924 3065 1017 3130 ldem
1039 3067 1168 3132 actione

120 3163 265 3231 secunda
285 3164 321 3227 iu
342 3163 481 3229 Verrem
507 3164 552 3229 11.
567 3166 647 3245 ⁴29,
672 3164 848 3254 Sopatrum
872 3179 1008 3251 narrat,
1037 3187 1168 3235 omnem

120 3291 212 3358 spem
234 3266 276 3332 in·
292 3288 332 3332 eo
353 3266 528 3356 posuisse,
560 3267 651 3356 quod
674 3268 811 3333 Verrem
834 3270 984 3336 homines
1011 3274 1169 3338 honestos

72 3375 78 3380 ’
119 3395 138 3438 e
159 3381 323 3437 conventu
345 3393 542 3460 syracusano
563 3370 597 3435 in
616 3371 756 3438 consilio
771 3373 927 3440 babuisse
949 3375 1093 3458 sciebat,
1109 3377 1170 3465 qui

120 3473 291 3541 Sacerdoti
322 3475 521 3540 antecessori
547 3474 662 3539 Verris
694 3499 826 3564 qnoque
863 3477 897 3541 in
929 3477 1069 3543 consilio
1097 3479 1168 3543 Iue-

118 3587 196 3644 rant-
212 3587 282 3643 tum
297 3601 399 3668 quum
423 3590 510 3644 esset
530 3578 618 3643 idem
646 3578 785 3667 Sopater
806 3574 988 3646 absolutus.
1035 3581 1077 3646 Et
1099 3581 1168 3646 Pli-

119 3681 193 3746 nius
224 3682 323 3771 epist.
355 3681 436 3747 libr.
460 3682 499 3764 1,
531 3683 590 3750 20.
627 3684 849 3771 „frequenter
877 3708 912 3749 se
946 3684 1078 3774 egisse,
1107 3686 1167 3769 ait,

49 3809 51 3813 ’
118 3784 316 3873 frequenter
333 3783 519 3871 judIcasse,
542 3785 734 3874 frequenter
754 3786 789 3851 in
813 3787 952 3852 consilio
975 3788 1171 3853 Irrisse.’'-

117 3887 162 3952 Et
185 3889 364 3976 imperator
384 3885 542 3954 Tiberius
565 3914 583 3953 a
607 3878 766 3954 Suetonio
788 3889 837 3982 (in
860 3890 1011 3973 Tiberio,
1042 3915 1072 3956 c.
1096 3891 1170 3980 33.)

39 3992 42 3997 ’
72 4016 74 4021 ’
118 3999 190 4056 eta
213 3990 329 4057 'I'aeito
352 3991 490 4082 (Annal.
514 3993 538 4057 l.
556 3993 586 4075 1,
599 3994 670 4084 75.)
692 3994 834 4059 traditur
851 3993 1093 4082 magistratibus
1107 4019 1169 4085 pro

118 4092 277 4158 tribunali
300 4096 577 4184 cognoscentibus
604 4098 800 4188 plerumque
830 4122 866 4164 se
897 4097 1058 4164 obtulisse
1090 4123 1169 4166 con·

118 4195 280 4264 siliarium
302 4211 334 4264 ct
356 4199 519 4267 assedisse
541 4201 689 4287 mixtim,
718 4203 771 4272 vel
799 4226 840 4270 ex
861 4202 997 4300 adverso
1019 4205 1053 4268 in
1075 4198 1170 4293 parte
